2808 4538
269 223 401 295 468
818 225 1219 298 DIOOTYL.
1272 252 1386 299 sev
1430 225 1916 301 EXOGENAE.
2197 254 2500 302 vemmci.

401 349 450 407 β.
472 327 738 404 pubescens,
761 342 978 406 undique
993 345 1204 393 bneviter
1223 347 1505 410 pubescens.
1527 377 1593 388 -
1610 346 1670 396 In
1693 361 1830 411 prov.
1857 347 2041 397 Ghilan
2054 347 2494 411 Persiae(Auche1-!

467 425 518 456 n.
544 409 724 470 5100).
747 409 997 472 Specimen
1015 411 1233 461 Aucheri
1254 412 1344 460 snb
1367 429 1420 461 n.
1443 415 1602 464 2529!
1629 429 1689 463 ex
1714 413 1970 474 Armenia,
1995 415 2250 479 glabrum,
2279 419 2500 482 exceptis

466 474 716 538 calycibus
737 475 886 540 longe
905 477 1284 540 piloso—lanatis.
1312 479 1391 542 (v.
1429 481 1506 542 s.)

267 561 331 608 44
347 557 371 606 ?
389 559 456 606 V.
478 570 897 607 AxAGAmens
922 558 1126 623 (Guss.t
1150 560 1214 609 ic.
1241 576 1339 609 rar.
1365 577 1415 625 p.
1442 565 1491 610 5.
1534 568 1570 610 t.
1607 563 1695 624 3),
1722 563 1899 628 glabra
1931 565 2007 613 vel
2031 564 2192 614 rarius
2214 565 2460 628 pubet-ule
2478 603 2492 623 ‚

332 633 519 684 erecta,
548 624 680 673 foliis
725 626 974 674 sessilibus
1018 627 1261 691 plerisque
1290 628 1729 692 amplexicaulibus
1763 639 1972 695 anguste
2006 631 2295 680 lanceolatis
2334 633 2501 681 acutis

335 690 666 756 integerrimis
685 692 760 740 vel
799 692 883 740 vix
929 694 1156 753 serratis,
1197 693 1449 757 pedicellis
1487 696 1798 759 patentibus,
1832 696 2034 760 capsula
2052 697 2271 760 ellipticss
2292 699 2496 748 obtusa.

330 755 397 823 26
415 760 468 807 in
498 760 686 822 stagnis
707 758 889 807 Siciliae
935 759 1250 822 (Gussone!)
1281 777 1357 824 pr.
1394 761 1722 826 Monspelium
1747 763 1849 826 ipse
1883 764 2010 828 legi,
2043 778 2119 826 pr.
2155 763 2265 828 Gap
2292 764 2349 813 in
2374 764 2498 814 Del-

329 828 538 892 phinatn
568 826 728 887 (herb.
755 825 880 875 DC.!
897 828 940 887 ),
967 826 1218 876 Laodiceoe
1241 827 1505 889 (Boissieri
1522 831 1537 889 )
1555 862 1568 886 ,
1599 829 1653 877 in
1676 829 1861 878 Africae
1886 829 2118 878 australis
2140 845 2283 893 prov.
2308 832 2494 881 orient.

332 893 645 943 interioribus
668 892 729 941 ad
749 892 918 941 Mooze
936 893 1063 941 river
1090 892 1313 956 (But-ke!
1333 895 1351 956 )
1369 929 1382 954 ‚
1408 900 1457 943 et
1476 894 1600 944 forte
1618 896 1671 943 in
1692 895 1805 944 aliis
1828 896 1952 945 loeis
1978 911 2093 945 cnm
2119 896 2184 944 V.
2211 897 2494 961 anagallidi

328 959 561 1021 confusa,
588 960 668 1008 cui
700 958 843 1008 valde
869 957 1029 1007 affinis
1057 966 1107 1008 et
1127 959 1252 1009 sorte
1273 959 1380 1023 ejus
1409 961 1620 1012 varietas
1661 962 1930 1026 segmentis
1958 961 2199 1027 calycinis
2231 964 2497 1027 angustio·

333 1027 467 1076 ribus
489 1033 537 1076 et
559 1025 770 1091 capsulae
792 1025 952 1074 forma
972 1025 1220 1076 distincta.
1261 1027 1335 1090 (v.
1364 1029 1440 1090 s.)

262 1117 346 1161 45.
370 1111 438 1160 V.
464 1123 664 1160 'ramus
690 1110 899 1178 (Ledeb.
929 1109 981 1157 fl.
1005 1110 1092 1158 alt.
1122 1113 1172 1160 1.
1202 1113 1284 1159 38.
1312 1111 1373 1158 ic.
1414 1109 1467 1158 fl.
1511 1126 1633 1160 ross.
1680 1112 1768 1160 alt.
1797 1116 1835 1160 t.
1878 1113 2041 1176 217),
2073 1127 2265 1172 annua,
2309 1113 2494 1176 glabr·

327 1184 487 1227 erecta
504 1212 516 1236 ,
543 1176 677 1227 foliis
701 1177 953 1226 sessilibus
973 1177 1470 1241 amplexicaulibnsve
1494 1178 2012 1242 oblongo-lanceolam
2036 1180 2364 1228 acutiusculis
2391 1194 2492 1230 ser-

325 1246 529 1302 rulstis‚
557 1243 802 1307 pedicellis
822 1243 1193 1306 patentissimis,
1221 1243 1424 1307 capsula
1451 1243 1894 1306 ellipticoeobovatfl
1922 1246 2056 1308 apice
2089 1244 2361 1294 rotundata
2397 1247 2484 1295 in-

327 1314 483 1375 tegri.
507 1307 579 1380 (Ι)
600 1311 652 1359 in
678 1310 843 1358 Persia
864 1310 1065 1358 boreali.
1087 1309 1262 1360 Canles
1306 1310 1369 1358 10
1386 1310 1507 1373 poll.
1532 1310 1681 1358 altus.
1722 1310 1865 1359 Folia
1887 1313 1969 1358 8-9
1993 1312 2086 1359 lin.
2116 1312 2297 1375 longa,
2325 1315 2356 1360 3
2388 1313 2487 1362 lin.

323 1377 444 1426 lata.
470 1377 697 1442 Capsnlae
722 1376 889 1440 calyce
911 1392 1084 1440 parum
1123 1375 1372 1440 longiores
1393 1411 1406 1434 ,
1434 1375 1671 1425 diametro
1710 1377 2063 1442 longitudinsli
2106 1379 2487 1429 transversalem

332 1453 608 1509 superante.
629 1443 826 1492 Semina
848 1442 1041 1492 minuta
1059 1478 1071 1502 ,
1098 1443 1318 1508 giobosa.

259 1531 344 1577 46.
375 1528 442 1577 V.
465 1540 699 1577 romum
718 1563 731 1588 ‚
759 1542 925 1577 annua
944 1562 957 1587 ‚
991 1525 1189 1591 glabre,
1227 1525 1360 1574 soliis
1402 1524 1718 1574 inferioribus
1749 1526 1906 1576 ovatis
1932 1527 2223 1591 ellipticisve
2256 1528 2367 1576 basi
2398 1542 2490 1575 an-

326 1595 541 1660 gustatis
563 1594 994 1658 subpetiolatisque
1015 1628 1028 1652 ,
1050 1593 1380 1658 superioribus
1420 1593 1944 1656 oblongo-lanceolatis
1967 1594 2216 1643 sessilibus
2253 1594 2333 1643 vel
2374 1610 2490 1643 raro

325 1661 885 1725 semiamplexicaulibus
916 1660 1245 1724 integerrimis
1267 1660 1341 1707 vel
1365 1659 1578 1708 obsolete
1611 1660 1844 1718 effluatis,
1884 1660 2134 1723 pedicellis
2159 1660 2447 1724 patentibus
2474 1698 2487 1717 ,

324 1730 524 1791 capsula
545 1727 991 1777 ovato-orbiculata
1008 1727 1182 1776 obtusa
1200 1726 1411 1789 integra.
1434 1721 1571 1792 (Diu
1606 1725 1796 1774 orizeiis
1820 1727 2119 1776 Pedemontii
2145 1727 2390 1791 (Reynier
2405 1727 2420 1774 1
2436 1729 2455 1790 )
2474 1763 2486 1784 ,

329 1796 382 1844 in
421 1795 715 1844 Caramaniss
758 1791 1198 1857 (Gandichaud!)‚
1229 1794 1283 1840 in
1307 1806 1460 1855 regno
1500 1791 1734 1841 Cabnlico
1776 1793 2028 1852 (Griffithz
2052 1810 2105 1842 n.
2127 1796 2226 1842 639
2249 1800 2299 1842 et
2324 1795 2421 1841 647
2445 1797 2485 1850 ).

325 1862 506 1910 Planta
529 1860 900 1924 2-4-pollicaris.
934 1860 1074 1909 Folia
1096 1861 1179 1907 3-6
1202 1859 1291 1907 lin.
1326 1859 1494 1922 longa.
1537 1857 1705 1907 flores
1733 1866 1783 1907 et
1812 1860 2027 1924 capsulae
2050 1860 2151 1908 fere
2170 1859 2241 1908 V.
2268 1860 2489 1924 Anagni-

325 1927 441 1978 lidis
463 1942 493 1975 a
510 1929 607 1990 qun
629 1925 792 1974 differt
813 1928 1023 1982 statura,
1053 1927 1192 1975 caule
1207 1940 1375 1973 annno
1390 1960 1401 1982 ,
1425 1931 1473 1972 et
1496 1923 1628 1973 foliis
1650 1926 1733 1973 vix
1755 1941 1972 1990 unquam
2010 1927 2483 1991 amplexicanlibns.

328 1995 410 2043 An
428 1991 592 2042 eadem
612 2007 670 2042 ac
691 1992 759 2041 V.
790 1990 990 2041 tennis?
1022 1991 1104 2055 (v.
1130 1991 1184 2039 in
1202 1991 1341 2041 herb.
1367 1990 1531 2040 Hook.
1556 1997 1606 2040 et
1627 1990 1764 2054 DC.)

260 2077 344 2125 4²7.
365 2075 431 2124 V.
461 2077 794 2123 Axamenta
815 2074 834 2137 (
847 2072 1158 2122 Schweinitz!
1187 2088 1306 2121 mss.
1322 2071 1370 2136 ),
1392 2073 1583 2137 glabra,
1608 2072 1715 2121 basi
1734 2073 2054 2133 decumbens,
2077 2089 2285 2138 superne
2301 2080 2482 2133 erecta,

329 2140 459 2190 foliis
486 2140 727 2204 plerisque
767 2139 1012 2203 petiolatis
1044 2139 1201 2188 ovatis
1239 2139 1526 2202 oblongisve
1565 2140 1722 2189 acutis
1764 2142 1838 2190 vei
1880 2141 2233 2190 obtusinscnlis
2284 2142 2486 2190 serratis

319 2207 657 2257 crassiuscnlis
671 2206 777 2254 basi
794 2204 1365 2264 truncato-subcordatiS,
1382 2207 1586 2268 capsula
1608 2206 1911 2256 subrotunda
1929 2208 2129 2273 turgida
2149 2208 2477 2287 emarginat&

323 2272 395 2339 Ἡ
414 2275 469 2323 in
494 2273 724 2324 America
749 2274 934 2323 boreali
955 2290 985 2321 a
1009 2272 1210 2322 canada
1236 2280 1284 2321 et
1305 2273 1537 2321 carolina
1568 2272 1719 2336 usque
1741 2275 1802 2322 ad
1826 2274 1965 2323 flum.
1991 2274 2188 2341 Oregon
2221 2283 2271 2322 et
2300 2291 2355 2322 in
2379 2276 2475 2324 ins.

327 2340 510 2391 Sitcha.
524 2341 591 2390 V.
614 2341 874 2404 Anagallis
900 2345 1031 2388 auct.
1058 2341 1187 2403 plur.
1216 2354 1365 2387 amer.
1395 2354 1495 2388 non
1521 2339 1666 2388 Linn.
1689 2340 1876 2404 Species
1894 2341 2021 2390 inter
2035 2341 2102 2390 V.
2131 2340 2483 2405 Anagallidem

325 2416 375 2457 et
391 2407 457 2457 V.
488 2407 859 2471 Beccabungarn
881 2405 982 2455 fere
1001 2406 1181 2454 media.
1206 2405 1418 2454 Habitus
1435 2406 1598 2469 potins
1622 2407 1797 2469 prioris
1818 2407 1900 2455 sed
1925 2408 2045 2457 folia.
2072 2408 2309 2471 pleraque
2329 2408 2480 2471 petio·

327 2476 447 2532 lata,
465 2473 706 2532 breviora,
732 2474 924 2522 latiora.
951 2472 1163 2536 Capsula
1186 2478 1235 2520 et
1257 2471 1445 2521 semina
1458 2472 1526 2522 V.
1541 2473 1895 2538 Beccabungae.
1919 2474 2060 2524 Folia
2081 2489 2216 2522 nunc
2233 2473 2321 2521 vix
2341 2475 2481 2525 semi-

329 2540 585 2605 pollicaria
603 2575 615 2599 ,
651 2555 785 2588 nune
811 2543 894 2588 1-2
911 2540 1028 2602 poll.
1052 2540 1221 2604 longa.
1245 2540 1319 2603 (v.
1345 2554 1386 2587 s.
1410 2541 1426 2599 )

256 2627 342 2677 48.
364 2625 431 2676 V.
455 2636 743 2674 runem-Ara
759 2623 999 2687 (Hamilt.
1022 2622 1075 2671 in
1097 2623 1208 2672 Don
1239 2623 1408 2686 prodr.
1438 2622 1492 2671 fl.
1525 2638 1636 2688 nep.
1659 2640 1709 2688 p.
1732 2625 1856 2687 93),
1882 2625 2057 2688 glabra
2081 2623 2387 2673 adscendens
2407 2624 2477 2672 vel

324 2693 602 2751 suberecta,
623 2691 757 2740 foliis
794 2689 1109 2740 inferioribus
1145 2690 1389 2753 petiolatis
1431 2690 1811 2754 ovali-ellipticis
1847 2691 2136 2756 oblongisve
2158 2690 2479 2738 acutiuscnlis

323 2758 523 2809 serratis
538 2759 645 2808 basi
662 2759 955 2821 angustatis,
972 2757 1303 2820 superioribus
1321 2757 1570 2805 sessilibns
1586 2757 1660 2805 vel
1674 2756 2233 2821 semiemplexicaulibns
2253 2757 2481 2820 oblongis

324 2826 696 2883 lanceolatisve,
718 2823 918 2889 capsula
962 2822 1267 2875 subrotunda
1306 2822 1507 2887 turgida
1538 2824 1860 2887 emat-giunta.
1880 2818 1951 2886 Ίί
1969 2824 2021 2871 in
2050 2838 2204 2887 regno
2239 2822 2477 2872 Cabulieo

327 2892 579 2955 (Griffithi
617 2907 668 2940 n.
698 2893 791 2940 651
839 2897 889 2939 et
928 2891 1082 2948 654),
1125 2891 1178 2940 ἰιι
1221 2889 1432 2952 ΝαρειΙίιῖ
1468 2890 1751 2953 (Hamilton
1778 2905 1840 2939 ex
1875 2889 1938 2938 D.
1984 2890 2145 2949 Don).
2172 2889 2293 2937 Haec
2329 2889 2476 2937 etiam

322 2961 507 3024 speeies
523 2961 652 3008 inter
663 2958 729 3007 V.
755 2957 1100 3022 Anagellidem
1114 2964 1163 3005 et
1173 2955 1239 3005 V.
1251 2957 1624 3020 Beccabungam
1646 2955 1830 3017 media,
1853 2955 1961 3005 eV.
1987 2955 2283 3005 American&
2306 2954 2471 3005 differt

327 3026 560 3075 foliorum
589 3026 767 3075 forma.
793 3026 869 3088 (v.
896 3024 946 3071 in
971 3023 1108 3072 herb.
1129 3022 1292 3072 Hook.
1315 3022 1334 3084 )

392 3108 461 3179 p?
493 3119 697 3168 extensa,
724 3108 856 3157 foliis
875 3106 1268 3170 angustioribus,
1294 3106 1500 3155 racemis
1516 3107 1761 3171 elongatis
1777 3143 1790 3167 ,
1818 3107 2001 3172 calycis
2020 3106 2289 3169 segmentis
2306 3107 2481 3168 amplis

459 3176 681 3226 foliaceis
721 3176 776 3223 in
817 3188 970 3238 regno
988 3172 1498 3235 Cabulieo(G1-iffith!
1540 3188 1591 3221 n.
1621 3177 1763 3237 653).
1805 3175 1885 3223 An
1930 3174 2113 3237 species
2142 3170 2379 3237 propria?
2418 3187 2479 3221 an

458 3244 616 3292 forma
646 3238 1089 3291 submonstruosa?
1112 3241 1187 3302 (v.
1214 3241 1267 3289 in
1290 3240 1427 3288 herb.
1452 3239 1651 3303 Hook.)

257 3327 340 3374 49.
376 3323 444 3374 V.
479 3325 850 3374 Beccnnmmn
885 3322 1069 3379 (Linn.!
1098 3338 1226 3387 spec.
1255 3338 1304 3385 p.
1347 3322 1450 3384 16),
1485 3322 1661 3386 glabra
1687 3323 1761 3372 vel
1791 3322 1953 3371 rarius
1986 3321 2245 3385 puberule,
2282 3321 2479 3371 docum-

321 3392 468 3450 bens,
513 3391 646 3439 soliis
674 3389 920 3455 petiolatis
953 3389 1336 3453 ovali-eilipticis
1370 3389 1656 3452 oblongisve
1689 3389 1876 3438 obtusis
1904 3389 2325 3437 crenato-serratis
2358 3403 2484 3436 cras-

323 3458 551 3506 sinsculis
573 3457 679 3505 basi
704 3455 997 3516 rotundatis,
1023 3457 1222 3520 capsula
1251 3454 1555 3504 subrotundfi
1580 3455 1780 3519 turgidi}
1802 3456 1972 3504 leviter
1990 3455 2320 3519 emarginatss.
2340 3450 2411 3517 ‘E
2431 3455 2481 3502 in

325 3523 544 3587 stagnis,
584 3522 834 3582 fontibus,
874 3522 1016 3572 fossis
1052 3521 1271 3571 humidis
1311 3521 1373 3569 ad
1403 3522 1535 3571 rivos
1558 3556 1571 3579 ,
1621 3528 1715 3570 etc.
1756 3522 1963 3585 Europae
1996 3521 2095 3570 fere
2126 3521 2299 3582 totius,
2349 3521 2482 3570 Asia

327 3592 520 3639 rossicoe
544 3589 761 3650 (Turcz.!
784 3591 907 3638 Kar.
932 3598 980 3639 et
993 3589 1124 3639 Kinl
1152 3591 1250 3637 379
1279 3588 1315 3652 ),
1342 3588 1621 3637 Caucasicae
1641 3588 1792 3650 (uA.
1812 3588 2140 3652 Mey.i,etian1
2164 3589 2215 3637 in
2226 3586 2483 3652 regnoCa·

323 3655 488 3704 bulico
508 3655 750 3718 (Griffithz
770 3658 904 3718 )etin
916 3656 1041 3720 jugo
1054 3656 1398 3719 Himalayam,
1419 3655 1468 3703 in
1487 3655 1685 3719 Algoria
1703 3655 1882 3718 (Desf.)
1900 3655 2011 3704 etin
2032 3662 2186 3702 mont.
2200 3654 2483 3718 Abyssiniae

331 3721 603 3786 (Schimp.!
633 3724 752 3770 1271
780 3728 795 3781 )
822 3749 885 3760 --
909 3724 1061 3787 Engl.
1090 3723 1192 3770 bot.
1243 3731 1280 3770 t.
1321 3725 1437 3769 655.
1461 3721 1590 3771 OEd.
1626 3721 1678 3770 fl.
1708 3722 1822 3770 dnn.
1857 3730 1893 3770 t.
1927 3723 2044 3769 511.
2065 3720 2130 3769 V.
2163 3720 2345 3769 limosa
2372 3720 2479 3782 laej.

324 3804 424 3836 rev.
459 3788 509 3835 fl.
537 3789 649 3853 Spa.
677 3804 726 3852 15.
752 3794 801 3837 3.
833 3790 1007 3837 Caules
1028 3790 1135 3837 basi
1163 3796 1430 3851 reptantes,
1461 3789 1679 3851 apicibus
1700 3789 1909 3838 breviter
1931 3786 2358 3836 adscendentibus.
2384 3787 2481 3835 1-’0-

325 3855 394 3901 lia
409 3855 559 3918 vulgo
590 3856 702 3917 1-1}
727 3856 845 3918 poll.
871 3855 1039 3919 longa,
1071 3858 1161 3903 6-9
1185 3855 1274 3903 lin.
1303 3856 1421 3915 lata,
1448 3856 1629 3918 petiole
1656 3857 1739 3903 1-2
1760 3856 1851 3905 lin.
1868 3856 2037 3919 longo.
2062 3853 2261 3901 Racemi
2288 3852 2391 3902 fere
2414 3853 2481 3900 V.

323 3921 631 3981 Anagallidis
649 3956 660 3978 ‚
692 3921 771 3968 sed
800 3920 941 3970 flores
967 3922 1142 3984 saepius
1165 3922 1437 3984 pauciores.
1472 3921 1681 3971 Corollae
1702 3922 1924 3971 coemleae
1948 3921 2021 3970 vel
2043 3935 2251 3968 carneae.
2282 3918 2485 3969 Semina

323 3986 388 4035 V.
414 3987 741 4051 Anagallidis.
772 3988 847 4049 (v.
872 3987 944 4050 s.)

257 4073 340 4117 60.
377 4067 443 4115 V.
479 4067 754 4116 ScAnch
789 4068 997 4129 (Griseb.
1037 4068 1090 4116 fl.
1124 4083 1254 4117 rum.
1299 4076 1347 4118 et
1371 4070 1499 4118 bith.
1530 4073 1580 4118 2.
1613 4086 1663 4134 p.
1695 4071 1798 4131 31),
1831 4070 2023 4132 glabra,
2049 4069 2269 4132 gracilis,
2297 4074 2481 4121 erecta,

324 4134 456 4182 soliis
478 4134 721 4198 petiolatis
744 4133 899 4181 ovatis
930 4150 1078 4198 supra
1103 4136 1259 4183 basim
1293 4136 1657 4200 integerrimam
1682 4138 1881 4185 serratis
1900 4135 2239 4194 acutiuscnlis,
2271 4133 2483 4183 raeoenie

322 4198 577 4259 laxifloris,
619 4199 828 4247 bracteis
864 4199 1099 4262 pedicello
1138 4209 1340 4251 arcuato
1375 4204 1512 4252 tenui
1547 4204 1707 4252 multo
1736 4203 2058 4263 brevioribus,
2099 4201 2305 4265 capsula
2340 4216 2478 4249 com·
