2808 4538
255 228 345 290 52
698 294 709 301 ³
813 221 1213 288 DICOTYL.
1267 244 1377 286 SEU
1423 221 1910 286 EXOGENAE.
2203 246 2478 286 monesi.

164 378 171 390 .
259 342 341 387 42.
379 339 474 389 As?
512 350 754 386 actuosa
778 337 880 397 (1³1.
904 352 1096 399 cot-cyr.
1124 337 1177 384 in
1203 336 1390 383 anthol.
1417 335 1520 384 iou.
1546 339 1595 385 5.
1625 352 1674 399 p.
1700 337 1856 399 182),
1885 334 2050 385 radice
2085 336 2315 398 bulboss,
2341 340 2483 388 caule

325 413 484 455 erecto
506 420 699 468 aspero,
726 404 857 451 foliis
882 403 1113 466 oppositis
1148 403 1537 466 ovato-oblongis
1562 403 1953 452 albo-maculatis
1982 403 2371 465 decurrentibus,
2397 421 2479 470 pe-

327 472 555 520 dunculis
586 470 875 518 axillaribus
894 469 1161 528 2·3·floris,
1185 468 1381 517 corollis
1403 476 1544 516 extus
1567 469 1772 532 hispidis
1793 470 2062 532 aequalibus
2087 474 2477 534 (purpureo-cm—

324 540 473 588 ruleis
487 542 523 602 ).
558 539 604 595 ᾙ
636 539 687 585 in
715 533 867 584 vineis
889 544 937 584 et
955 537 1164 585 collibus
1186 536 1281 584 ins.
1303 536 1548 599 Corcyrae.
1570 537 1650 584 An
1670 535 1795 584 forte
1812 536 2140 600 Symphytum
2165 539 2480 588 tuberosum?

256 626 340 671 43.
378 620 443 670 A.
482 632 733 670 cavus
756 618 899 680 (Viv.
938 619 1005 682 pl.
1047 634 1141 683 aeg.
1180 634 1233 666 n.
1276 618 1414 679 23),
1448 624 1553 667 tota
1597 617 1711 681 pilis
1750 634 1778 667 e
1817 619 2072 668 tuberculo
2110 621 2478 683 erumpentibus

324 688 530 751 aliisque
567 685 841 735 minoribus
876 685 1097 734 discretis
1135 684 1630 749 hispido-canescens,
1668 685 1800 734 foliis
1834 684 2132 735 radicalibus
2165 686 2394 751 oblongis
2424 689 2475 735 in
2493 708 2504 715 «

320 755 557 819 petiolum
592 753 856 803 attenuatis
900 753 1107 801 sinuatis
1153 751 1433 811 undulatis,
1483 751 1692 800 bracteis
1737 752 2024 802 lanceolatis
2072 753 2240 816 calyce
2287 754 2476 803 brevio·

322 822 486 879 ribus,
512 836 613 869 cor.
641 822 762 869 tubo
792 820 1010 882 calycem
1046 826 1326 882 superante,
1372 818 1513 867 fauce
1547 818 1699 867 clavis
1733 818 2032 881 pedicellatis
2067 820 2211 868 hirtis
2249 821 2472 879 munita,

321 888 567 951 pedicellis
605 886 751 936 nudis
786 886 1022 935 dilatatis.
1047 912 1113 922 —
1146 885 1206 935 In
1239 885 1442 933 desertis
1478 884 1616 933 cirea'
1649 884 1912 933 Kahirum.
1941 885 2156 936 Omnino
2192 885 2384 936 videtur
2405 890 2471 937 A.

321 954 563 1004 undulata
582 969 692 1017 quae
711 954 862 1002 etiam
889 954 941 1001 in
965 953 1182 1017 AEgypto
1213 953 1400 1001 crescit.

255 1038 339 1086 44.
378 1038 442 1085 A.
480 1048 816 1085 niteram-ns
842 1034 1041 1097 (Cham.
1070 1035 1122 1082 in
1153 1034 1355 1083 Linnaest
1378 1035 1523 1082 1829.
1550 1050 1601 1098 p.
1629 1035 1789 1097 437),
1817 1034 2038 1093 hirsuta,
2068 1035 2201 1085 soliis
2232 1036 2474 1099 oblongo-

321 1104 568 1163 cuneatis,
598 1102 807 1151 bracteis
847 1101 1155 1150 subcordatis
1187 1102 1285 1150 late
1319 1102 1475 1151 ovatis
1513 1103 1701 1160 acutis,
1744 1103 1902 1164 cymis
1931 1103 2236 1166 glomeratis,
2270 1102 2473 1152 floribus

320 1171 592 1228 sessilibus,
629 1169 796 1233 calyce
818 1164 899 1217 vix
923 1168 986 1216 ad
1004 1168 1217 1217 medium
1242 1167 1407 1225 5-fido‚
1434 1169 1620 1219 corolla
1645 1169 1852 1218 breviter
1876 1169 2323 1218 int’undibuliformi
2352 1170 2474 1218 tubo

319 1238 535 1300 calyoem
574 1242 856 1300 superante,
884 1234 1023 1283 fauce
1054 1235 1275 1283 barbata.
1306 1235 1359 1298 ‘2ss
1389 1236 1439 1282 in
1464 1234 1674 1283 Brasilia
1697 1237 1900 1300 tropica.
1926 1236 2136 1284 Habitus
2153 1236 2474 1301 Caryolophae

317 1302 724 1367 sempervirentis.
745 1303 911 1351 Fruct.
938 1301 1045 1365 ign.

255 1387 337 1434 45.
376 1388 439 1434 A.
478 1399 732 1435 nur-mxii
758 1385 954 1446 (Lehm.
988 1383 1091 1432 ind.
1117 1398 1236 1432 sem.
1262 1383 1314 1432 h.
1343 1384 1510 1432 hamb.
1541 1386 1687 1433 1823.
1714 1401 1764 1448 p.
1784 1386 1866 1433 17.
1895 1400 2007 1433 nov.
2036 1392 2132 1435 act.
2157 1390 2260 1434 nat.
2287 1400 2393 1434 cur.
2420 1387 2468 1435 l.

318 1470 368 1517 p.
408 1455 559 1516 801),
591 1452 816 1501 caulibus
850 1451 1020 1499 erectis
1068 1449 1361 1515 hispidulis,
1407 1451 1539 1499 foliis
1596 1452 2081 1502 lineari-lanceolatis
2126 1452 2473 1502 obtusiusculis

316 1520 523 1584 hispidis
541 1518 920 1577 setoso-ciliatis,
944 1517 1190 1581 pedicellis
1207 1517 1497 1565 axillaribus
1515 1518 1734 1565 unifloris
1757 1518 1988 1567 solitariis
2002 1518 2054 1566 in
2074 1519 2236 1567 fructu
2252 1518 2470 1578 deflexis,

317 1587 567 1649 calycibus
607 1586 875 1650 5-partitis,
924 1600 1025 1633 cor.
1074 1585 1193 1632 tubo
1230 1585 1396 1647 calyce
1441 1585 1689 1643 breviore,
1742 1585 2014 1634 fornicibus
2072 1586 2274 1650 glabris.
2308 1582 2382 1653 [1]
2417 1586 2470 1634 in

320 1654 533 1717 Egypto
572 1669 633 1702 ex
683 1660 791 1702 test.
837 1652 1021 1700 hortul.
1070 1651 1281 1700 Corollae
1330 1666 1479 1699 roseae
1522 1650 1599 1699 vel
1639 1652 1862 1700 coeruleae
1911 1653 2043 1699 venis
2096 1652 2472 1702 saturatioribus

315 1721 474 1783 pictae.
501 1721 540 1768 F
544 1726 667 1769 ruet.
696 1720 901 1768 indescr.

248 1805 332 1850 46.
370 1804 432 1852 A.
470 1815 806 1851 noscimus
830 1802 1004 1861 (Lam.
1032 1800 1150 1849 dict.
1180 1801 1227 1849 1.
1270 1816 1320 1863 p.
1364 1801 1481 1849 504.
1511 1800 1585 1849 ill.
1612 1816 1665 1849 n.
1698 1802 1821 1849 1817
1841 1803 1885 1863 ),
1912 1802 2052 1850 caule
2073 1810 2230 1851 erecto
2259 1801 2469 1867 simplici

319 1869 489 1918 villoso
505 1904 516 1925 ,
551 1869 684 1916 foliis
707 1869 869 1930 longis
891 1866 1295 1930 liuguiformibus
1318 1868 1455 1930 apice
1474 1875 1522 1915 et
1545 1868 1650 1915 basi
1672 1868 1928 1916 latioribus
1944 1876 2125 1917 remote
2153 1870 2348 1929 setosis,
2370 1870 2468 1933 spi·

316 1935 441 1983 culis
460 1935 623 1996 parvis
646 1934 791 1981 nudis
815 1933 1217 1997 subpaniculatis.
1251 1933 1296 1980 Ἡ
1330 1934 1382 1981 in
1401 1933 1564 1983 Italia.
1587 1934 1884 1997 Buglossum
1905 1935 2126 1998 alpinum
2149 1951 2357 1999 perenne
2379 1936 2471 1985 ita-

314 2004 466 2050 licum
490 2002 754 2050 coemloum
773 2035 785 2059 ,
813 2007 906 2048 etc.
934 2000 1086 2048 Mich.
1111 2002 1163 2047 in
1186 1999 1237 2047 h.
1263 2001 1399 2049 ausa.
1428 2008 1475 2048 et
1498 2000 1600 2049 lsn.
1630 2000 1729 2049 Sub
1762 2001 1856 2049 hoc
1893 2003 2089 2049 nomine
2110 2004 2175 2050 A.
2208 2002 2466 2053 Barrelieri

313 2067 558 2117 interdum
582 2066 633 2114 in
656 2066 894 2115 berberiis
917 2067 1132 2114 occurrit
1157 2066 1398 2127 (Lehm.).

252 2154 315 2200 -17
348 2154 413 2200 A.
442 2163 793 2199 PARVIFLORA
815 2149 1006 2211 (wind.
1033 2165 1105 2213 sp.
1131 2151 1179 2198 1.
1202 2165 1251 2212 p.
1275 2153 1390 2210 759,
1423 2166 1522 2200 non
1544 2151 1687 2214 Sm.)‚
1712 2153 1851 2201 caule
1878 2153 2212 2203 ramosissimo
2237 2153 2461 2217 hispido,

311 2218 446 2267 foliis
480 2217 750 2265 linearibus
782 2217 1128 2265 obtusiusculis
1166 2216 1400 2281 hispidis,
1447 2220 1650 2267 racemis
1693 2218 1973 2283 paucifloris
2013 2220 2261 2269 confertis.
2299 2246 2368 2258 -—
2406 2219 2464 2269 Iu

311 2286 525 2334 Oriente.
554 2284 722 2332 Lehm.
751 2300 852 2348 asp.
878 2300 929 2332 n.
972 2285 1085 2333 164.
1112 2284 1457 2333 Diversissima
1477 2302 1538 2334 ex
1561 2286 1731 2334 Lehm.
1761 2288 1822 2334 ab
1850 2288 1913 2336 A.
1941 2291 2210 2352 aggregata
2241 2291 2330 2336 sua
2354 2303 2466 2351 quae

310 2359 383 2401 est
404 2352 467 2401 A.
498 2351 761 2416 parviflora
783 2352 834 2399 fl.
865 2367 1013 2415 graec.
1043 2350 1123 2399 sed
1146 2358 1375 2400 caeterum
1399 2368 1498 2401 non
1520 2354 1640 2400 satis
1661 2363 1794 2402 nota.

244 2437 324 2482 018.
356 2436 422 2482 A.
456 2434 696 2482 Lom-:n‘rl
729 2433 909 2496 (Alph.
937 2433 1080 2492 DQ),
1111 2434 1249 2481 cmxle
1286 2433 1509 2496 foliisque
1532 2436 1756 2499 angustis
1787 2436 2057 2485 linearibus
2080 2438 2324 2502 strigosis,
2349 2436 2463 2502 pilis

311 2501 541 2549 foliorum
574 2500 814 2564 glandula
845 2499 1037 2547 insertis
1058 2533 1070 2556 ,
1100 2501 1265 2562 calyce
1288 2502 1519 2564 5-partito
1559 2503 1686 2549 lobis
1721 2503 1994 2565 aequalibus
2016 2504 2202 2553 obtusis
2233 2505 2347 2568 pilis
2378 2505 2462 2553 ad·

309 2567 483 2631 pressis
509 2566 731 2624 cinereis,
757 2566 877 2615 tubo
900 2566 1105 2621 corollae,
1120 2568 1336 2629 calyceni
1361 2575 1584 2629 aequante
1602 2570 1726 2617 lobis
1750 2569 2047 2630 rotundatis,
2072 2572 2287 2620 antheris
2309 2571 2462 2622 forni-

308 2634 449 2682 cibus
478 2633 1006 2694 brunneo-tomentosis
1018 2634 1335 2682 brevioribus„
1351 2635 1496 2682 Circa
1511 2635 1772 2684 Diarbekir
1797 2636 2045 2696 &Lorenth
2072 2639 2137 2686 A.
2168 2638 2464 2688 linearifolia

308 2699 513 2748 Hochst.
539 2700 591 2748 in
616 2699 795 2748 Lorent
817 2700 1045 2748 Wunder.
1072 2715 1131 2747 ex
1161 2701 1307 2749 Flora
1336 2702 1481 2748 1815.
1509 2717 1557 2764 p.
1582 2706 1665 2750 28.
1689 2717 1785 2751 non
1810 2703 1980 2751 d’L'rv.
2007 2704 2202 2753 Corolla
2226 2705 2457 2754 coerulea.

242 2787 324 2831 «19.
358 2784 422 2831 A.
462 2785 703 2832 Gutum
731 2782 933 2842 (Ledeb.
955 2798 1016 2831 ex
1031 2782 1235 2849 Spreng.
1268 2791 1387 2847 syst.
1425 2782 1473 2832 ⁴.
1509 2802 1558 2849 Ρ.
1596 2789 1747 2846 562),
1783 2787 1923 2835 caule
1944 2785 2252 2836 suffrutieoso
2278 2787 2461 2853 simpli-

304 2851 540 2909 ciusculo,
564 2850 694 2899 soliis
712 2850 976 2900 linearibus
986 2851 1277 2899 acuminatis
1295 2851 1541 2914 strigosis,
1565 2852 1777 2902 bracteis
1794 2854 2062 2902 linearibus
2078 2855 2245 2918 calyce
2265 2862 2461 2919 patente

304 2917 627 2966 brevioribus.
649 2944 715 2953 —
739 2917 779 2965 Ε
797 2916 1003 2966 ΡοάοΙίὓ,
1024 2925 1073 2965 et
1095 2917 1292 2966 Sibiris.
1316 2945 1383 2956 —
1404 2918 1638 2983 Sprengel
1674 2920 1836 2969 locum
1867 2920 1953 2968 ubi
1986 2921 2144 2970 Gmel.
2173 2928 2259 2970 aut
2279 2922 2454 2971 Ledeb.

302 2982 430 3034 hanc
447 2985 665 3047 plantam
691 2983 1031 3048 descripserint
1051 2999 1150 3032 non
1169 2984 1314 3044 dicit,
1337 2991 1387 3034 et
1401 2986 1466 3033 cl.
1489 2985 1668 3034 Ledeb.
1695 2988 1885 3035 nullam
1906 2986 1964 3035 de
1984 2988 2141 3051 specie
2159 2989 2459 3038 mentionem

306 3052 423 3100 facit
459 3052 509 3099 in
552 3051 604 3098 fl.
642 3052 728 3099 alt.
756 3066 862 3100 nec.-
889 3051 940 3100 in
966 3067 1143 3100 comm.
1188 3051 1247 3100 de
1268 3052 1429 3101 Gmel.
1472 3051 1523 3100 fl.
1553 3053 1645 3101 sib.
1676 3052 1727 3101 in
1752 3053 2027 3103 Denkschr.
2061 3055 2300 3119 Regensb.
2327 3071 2376 3104 ν.
2404 3060 2453 3104 3.

301 3119 490 3181 Species
513 3118 619 3167 ideo
644 3118 849 3167 delenda
872 3118 1076 3167 videtur.

237 3205 319 3248 50.
356 3203 419 3251 A.
461 3215 691 3250 VILLOSA
718 3202 954 3266 (Spreng.
988 3208 1107 3265 syst.
1137 3203 1186 3250 1.
1222 3218 1269 3266 p.
1302 3205 1400 3251 560
1419 3238 1432 3263 ,
1468 3219 1566 3253 non
1596 3204 1754 3254 Roem.
1781 3211 1830 3254 et
1852 3204 2098 3269 Selium),
2124 3208 2265 3256 caule
2297 3212 2457 3256 erecto

302 3269 541 3333 simplici,
586 3269 718 3317 foliis
740 3269 1022 3318 lanceolatis
1044 3268 1373 3332 integerrimis
1404 3270 1623 3331 villosis,
1661 3272 1865 3320 racemis
1901 3273 2216 3333 axillaribus,
2258 3272 2460 3322 floribus

302 3335 499 3383 remotis
512 3369 524 3388 ,
550 3335 756 3383 bracteis
778 3335 969 3398 calyces
988 3336 1422 3397 subsuperantibus
1441 3371 1454 3397 ,
1481 3339 1732 3402 calyoibus
1751 3339 2100 3388 obtusiusculis
2122 3342 2241 3394 tubo
2262 3340 2457 3389 corolla:

300 3400 617 3448 brevioribus.
644 3401 809 3448 Patria
827 3402 929 3464 ign.
1014 3451 1019 3454 ,

823 3497 865 3573 ἦ·
910 3497 1148 3578 Species
1182 3500 1409 3561 nomine
1444 3518 1665 3564 tamum
1697 3520 1847 3564 nom.

236 3598 296 3645 A.
338 3606 650 3644 PUBESCBNS
675 3594 778 3642 Kit.
805 3610 865 3642 ex
890 3595 1071 3645 Rochel
1094 3598 1161 3662 pl.
1192 3599 1340 3647 bann.
1366 3616 1414 3663 p.
1441 3602 1520 3648 11.
1549 3602 1652 3648 sine
1675 3602 1826 3649 deser.

1064 3698 1298 3778 Species
1337 3700 1605 3762 exclusae.

232 3797 297 3843 A.
332 3792 525 3842 Anm
553 3791 630 3840 Fl.
657 3808 848 3857 corcyr.
875 3793 926 3842 in
951 3794 1090 3845 anth.
1116 3796 1216 3846 ion.
1244 3818 1305 3843 =
1329 3799 1638 3864 Caryolopha
1654 3800 2018 3866 sempervirens.

232 3877 270 3925 Α
283 3913 294 3924 .
334 3887 628 3928 arcenus
646 3877 775 3927 Stev.
796 3894 863 3925 =
880 3879 1088 3930 Nonnea
1111 3881 1347 3948 alpestris.

234 3959 294 4008 A.
336 3971 601 4008 ,mvnxms
625 3960 761 4009 Bicb.
787 3981 851 4006 =
873 3962 1107 4028 Lycopsis
1126 3967 1361 4014 arvensis.

233 4044 294 4089 A.
331 4054 643 4091 ‚mutamus
670 4043 815 4093 Delil.
846 4064 906 4091 =
932 4046 1147 4096 Arnebia
1170 4046 1516 4111 hispidissimu.

232 4126 293 4172 A.
335 4138 638 4174 cssnscnss
664 4125 818 4176 Muhl.
852 4147 914 4172 .-:.
936 4129 1324 4194 Lithospermum
1351 4147 1623 4183 canaescen».
