2808 4538
327 296 455 363 124
592 300 608 316 ”
899 293 1301 360 DIOOTYL.
1355 316 1468 361 SEU
1512 292 1980 360 EXOGENAE
1991 344 2004 357 .
2165 320 2560 359 ami-monium.

390 406 683 457 sain-Thau.
709 405 946 469 Myosotis
962 405 1265 456 multicaulia
1290 408 1462 457 Wall.!
1487 406 1573 456 list
1595 423 1648 456 n.
1673 408 1823 468 7020,
1847 422 1950 457 non
1971 407 2151 458 Turcz.
2180 409 2362 458 Canles
2381 409 2565 474 spitha-

392 474 523 523 moei.
549 473 757 522 Nucula
780 472 887 520 basi
914 478 1157 522 truncatus
1173 508 1186 535 ,
1213 474 1382 538 calyce
1403 475 1759 524 subbreviores.
1795 470 1876 537 (vl
1912 490 1953 523 s.
1981 489 2159 525 comm.
2192 491 2310 525 cum
2335 477 2565 540 praeced.)

327 544 377 591 6.
401 539 458 590 Ε.
486 550 946 589 sncnnmrnoauu
972 540 1149 603 (Alph.
1179 539 1314 603 DC.)
1333 577 1345 601 ,
1374 540 1705 605 hispfflnlnm,
1753 542 1892 590 caule
1928 540 2284 602 adscendente,
2317 543 2452 592 soffia
2489 561 2566 593 ra·

395 607 635 656 dioalibus
659 606 1118 670 ovato-spathulatis
1157 607 1210 654 in
1253 608 1491 672 petiolum
1532 609 1963 657 membranaceum
2005 610 2286 674 angustatis
2302 644 2315 669 ,
2356 611 2567 660 caulinis

397 673 925 739 oblongo-lanceolatis
964 675 1305 735 munusculis,
1351 677 1590 738 supremis
1632 675 1880 724 sessilibus
1900 711 1912 733 ,
1942 675 2077 738 spica
2115 677 2369 726 terminali
2407 678 2570 726 ebrac-

395 743 553 800 teaffi,
580 740 783 789 floribus
806 741 978 789 erectis
1009 741 1262 801 secundis,
1299 741 1549 805 pedicellis
1587 742 1688 791 imo
1725 741 1996 791 fructiferis
2036 742 2136 791 sere
2167 743 2347 803 nullis,
2388 745 2570 808 calycis

398 807 622 872 &partiti
644 806 773 855 lobis
792 806 1221 871 lineari-oblongis
1248 809 1438 857 obtusis
1452 843 1465 867 ,
1489 810 1609 857 tubo
1624 810 1822 858 corollae
1836 809 2056 871 calycem
2074 816 2354 873 superante,
2373 813 2569 861 nuculis

310 920 317 931 ,
398 873 830 938 umidae-trigonis
851 873 1076 923 laevibus.
1105 875 1159 937 ⁴2ss
1182 875 1235 922 iu
1263 875 1453 923 Emodo
1474 874 1714 924 occident.
1740 877 1829 924 alt.
1867 879 1999 924 3000
2023 892 2091 924 m.
2119 877 2459 941 (Jacquem.)
2491 879 2570 926 Li·

400 941 734 1005 thospermum
763 940 1140 990 secundiflorum
1163 940 1327 990 Decne
1350 943 1403 989 in
1427 943 1683 1005 Jacquem.
1712 957 1826 1006 voy.
1854 950 1980 1005 part.
2007 943 2109 991 bot.
2140 959 2189 1006 p.
2218 946 2332 992 120.
2367 954 2406 992 t.
2435 947 2532 994 125
2554 982 2566 1005 ,

402 1008 486 1056 ιιδί
508 1009 661 1056 descr.
706 1007 833 1055 fusa.
859 1007 1039 1056 Plautia
1080 1008 1307 1071 5-6-poll.
1352 1009 1468 1072 pilis
1502 1008 1801 1071 patentibus.
1855 1009 1995 1057 Folia
2038 1009 2193 1059 radic.
2229 1026 2344 1059 cum
2391 1012 2570 1074 petiole

398 1075 519 1137 3-3'3
537 1074 655 1137 poll.
681 1074 850 1137 longa,
876 1075 1027 1122 limbo
1051 1077 1140 1122 5-6
1164 1075 1255 1123 lin.
1279 1076 1402 1123 lato.
1430 1074 1576 1137 Spica
1590 1075 1802 1138 simplex
1821 1076 1899 1124 vel
1918 1076 2182 1136 bifurcata,
2205 1077 2414 1126 floribus
2438 1079 2571 1142 apice

401 1141 770 1205 approximatis.
796 1142 993 1190 Corolla
1015 1141 1255 1199 violacea,
1284 1141 1601 1204 cylindracea
1615 1178 1627 1201 ,
1655 1148 1760 1190 tota
1779 1143 1868 1190 4-5
1889 1143 1977 1191 lin.
1999 1143 2150 1206 longa
2165 1178 2180 1201 ‚
2200 1144 2329 1193 lobis
2350 1145 2572 1193 obex-atis

400 1209 863 1257 erecto-urceolatis.
888 1207 1095 1257 Nuculae
1126 1207 1325 1271 pallidae
1342 1243 1355 1266 ,
1390 1209 1598 1272 glabrae.
1635 1209 1712 1257 Cl.
1756 1216 1927 1258 auctor
1959 1211 2194 1258 corollam
2228 1211 2419 1259 nudam
2447 1212 2573 1261 dixit

402 1282 453 1322 et
473 1273 561 1338 fig.
588 1274 673 1323 sed
691 1275 890 1323 habitus
912 1276 1115 1323 omnino
1145 1290 1475 1338 congenerum
1503 1276 1588 1324 ubi
1611 1275 1775 1338 gibbae
1799 1276 1958 1324 faucis
1987 1276 2223 1325 minimas.
2249 1277 2491 1327 Autherae
2521 1280 2571 1326 in

401 1350 703 1456 :g'ffipmoe
742 1341 846 1391 tubi
881 1342 1077 1391 corollae
1095 1377 1107 1401 ,
1154 1342 1329 1391 loculis
1367 1343 1534 1406 magis
1574 1342 1803 1405 utrinque
1836 1342 2058 1393 discretis
2087 1348 2138 1393 et
2157 1345 2317 1394 acutis
2346 1358 2499 1408 quam
2523 1347 2571 1394 in

487 1422 540 1456 m
575 1423 654 1456 us.

338 1491 389 1539 7.
415 1489 475 1538 Ε.
501 1501 839 1539 amima-run
886 1489 1064 1553 (Alph.
1102 1489 1208 1538 DC.
1232 1491 1280 1551 ),
1309 1489 1426 1553 pilis
1463 1490 1762 1539 brevissimis
1808 1491 2051 1554 adpressis
2083 1492 2388 1555 inspersum,
2434 1493 2571 1541 caule

403 1564 586 1616 erecto,
611 1557 743 1606 foliis
773 1556 1002 1621 oblongis
1030 1557 1106 1605 vel
1145 1556 1669 1621 oblongo-lanceolatis
1703 1556 1861 1606 acutis
1878 1593 1892 1617 ‚
1926 1557 2225 1607 radicalibus
2258 1559 2312 1606 in
2335 1559 2572 1623 pefiolum

404 1623 609 1687 longum
636 1623 926 1683 attenuatis,
950 1623 1161 1671 caulinis
1188 1624 1441 1672 sessilibus
1459 1626 1665 1672 racemis
1687 1625 1976 1673 ebracteatis
1993 1659 2006 1682 ,
2034 1625 2283 1688 pedicellis
2308 1625 2572 1676 fructiferis

403 1691 776 1754 subpetentibus
796 1690 1017 1754 calycem
1044 1691 1353 1753 aequantibus
1372 1725 1384 1748 ,
1411 1691 1541 1739 lobis
1561 1691 1798 1754 calycinis
1823 1692 2090 1740 linearibus
2124 1692 2306 1750 acutis,
2337 1693 2460 1741 tubo
2491 1709 2569 1742 eo·-

403 1757 543 1806 rollae
565 1759 785 1821 calycem
800 1758 886 1806 vix
908 1764 1171 1820 superante
1193 1772 1401 1820 superne
1412 1757 1666 1819 ampliato,
1687 1759 1882 1809 nuenlis
1903 1757 2345 1823 ovoideo-trigouis
2367 1760 2574 1808 laevibns

403 1824 570 1887 calyce
593 1824 741 1888 duplo
759 1825 1081 1873 brevioribus.
1114 1823 1166 1886 ᾙ
1196 1838 1345 1887 prope
1366 1822 1693 1887 Pendjegram
1717 1825 1873 1873 Indiae
1900 1826 2007 1874 bor.
2031 1825 2186 1874 occid.
2227 1827 2315 1874 alt.
2344 1829 2481 1875 2600
2503 1842 2566 1874 m.

405 1891 747 1952 (Jacquem.).
790 1889 1187 1952 Lithospermum
1232 1890 1520 1954 elongatum
1552 1890 1714 1939 Decne
1745 1892 1798 1940 in
1835 1892 2090 1955 Jaequem.
2137 1907 2252 1955 voy.
2287 1900 2420 1955 part.
2472 1894 2570 1942 bot.

401 1971 451 2020 p.
477 1957 590 2004 121.
618 1964 655 2005 t.
685 1959 796 2004 126.
819 1957 907 2004 ubi
921 1956 1074 2005 deser.
1103 1955 1230 2004 fusa.
1256 1957 1439 2005 Planta
1456 1957 1569 2020 {²4}
1587 1957 1786 2020 pedalis.
1811 1959 1952 2007 Folia
1970 1959 2122 2007 radic.
2146 1961 2236 2007 3·4
2258 1960 2382 2022 poll.
2402 1960 2567 2023 longa,

406 2023 488 2070 4-ss
512 2022 604 2071 lin.
642 2022 761 2071 lata.
794 2023 961 2071 Flores
998 2022 1215 2073 coerulei.
1254 2022 1454 2072 Corolla
1494 2023 1757 2073 latitudine
1799 2025 2161 2088 longitudinem
2203 2025 2302 2074 fere
2350 2042 2567 2090 aequans.

408 2089 582 2138 Gibbae
622 2104 708 2138 seu
737 2088 947 2137 fornices
972 2088 1192 2138 minimae
1214 2090 1267 2137 in
1296 2088 1459 2138 media
1493 2097 1629 2153 parte
1661 2091 1784 2139 sitae.
1824 2091 2049 2141 Stamina
2076 2092 2240 2155 gibbis
2263 2093 2566 2156 interposita.

407 2155 615 2205 Nuculae
645 2155 844 2219 pallidae
865 2191 877 2211 ,
904 2170 966 2203 ex
1003 2156 1066 2203 ic.
1101 2162 1150 2204 et
1184 2155 1340 2205 deser.
1386 2157 1592 2220 glabrae.
1613 2186 1680 2194 -—
1700 2158 1879 2207 Simin.
1921 2159 2140 2222 plantam
2162 2174 2343 2208 comm.
2384 2160 2450 2208 cl.
2481 2160 2574 2208 Ed·

407 2222 625 2287 geworth
645 2237 672 2272 e
697 2223 831 2271 Simu
863 2222 1015 2271 Indiae
1036 2223 1143 2269 bor.
1169 2237 1272 2272 occ.
1303 2223 1393 2272 sub
1426 2239 1476 2272 n.
1504 2225 1622 2284 384,
1648 2224 1730 2274 sed
1754 2226 1805 2273 in
1830 2228 1886 2274 ea
1903 2226 2172 2275 staminum
2187 2225 2396 2275 insertio
2415 2227 2574 2291 gibbis

407 2304 509 2407 ῧοὸ.
526 2289 730 2418 i)nferior
740 2297 790 2339 et
808 2290 1003 2339 nuculae
1015 2289 1239 2355 juniores
1261 2291 1487 2357 margine
1505 2292 1773 2357 puberulae.
1801 2294 1883 2343 Au
1898 2308 2084 2345 errores
2101 2295 2154 2344 in
2174 2294 2239 2345 ie.
2264 2292 2384 2344 cim?
2402 2295 2569 2360 (Alph.

1067 2422 1250 2480 Sentio
1287 2439 1351 2481 11.
1392 2424 1856 2482 Eusmriucmun.

405 2544 611 2595 Nuculae
633 2553 791 2594 ovatae
808 2545 1116 2608 inaequaliter
1132 2546 1357 2611 trigonae,
1379 2547 1568 2612 angulo
1584 2547 1793 2597 ventrali
1817 2546 2021 2607 minore,
2041 2546 2174 2611 apice
2193 2563 2293 2596 non
2315 2554 2569 2605 trimeatae.

339 2612 540 2676 angulis
564 2613 850 2662 lateralibus
872 2612 1121 2662 interdum
1139 2613 1350 2664 dentatis
1379 2629 1466 2665 seu
1495 2615 1725 2665 crenatis.
1743 2615 2013 2680 —Species
2027 2613 2266 2679 Europeae
2290 2621 2340 2664 et,
2361 2615 2575 2664 boreali-

330 2679 569 2728 ·Asiaticae
592 2679 766 2729 habitu
785 2680 1086 2731 Aretiarum.

342 2775 390 2821 8.
420 2774 477 2822 Ε.
504 2787 697 2823 samm
724 2774 955 2839 (Schrad.
982 2777 1019 2824 1.
1046 2792 1089 2824 c.
1119 2776 1260 2826 Koch
1285 2792 1393 2839 syn.
1420 2780 1518 2825 505
1537 2779 1555 2840 )
1573 2812 1585 2835 ‚
1613 2776 1759 2826 dense
1783 2777 2091 2840 coespitosum
2119 2777 2234 2840 pilis
2254 2778 2428 2842 longis
2460 2778 2574 2827 seri-

408 2841 505 2889 ceis
531 2843 783 2902 vestitum,
817 2842 953 2892 foliis
971 2843 1225 2908 oblongis,
1257 2844 1518 2893 raeemulis
1541 2844 1823 2908 paucifloris
1852 2843 2043 2893 inferne
2070 2845 2338 2893 bracteatis
2356 2881 2369 2904 ,
2395 2846 2578 2909 calyeis

407 2907 534 2958 lobis
550 2909 818 2959 linearibus
836 2910 1024 2959 obtusis
1046 2916 1236 2974 partem
1262 2910 1546 2959 tubulosam
1564 2926 1667 2960 cor.
1694 2911 2004 2975 aequantibus
2023 2946 2035 2970 ‚
2057 2912 2256 2960 nuculis
2280 2911 2343 2959 ad
2371 2913 2579 2977 angulos

408 2974 633 3025 laterales
664 2978 939 3041 pectinatis.
972 2976 1023 3043 ‘2ss
1047 2977 1101 3026 in
1130 2993 1436 3026 summarum
1461 2977 1664 3041 Alpium
1693 2978 2050 3043 graniticarum
2082 2978 2223 3043 jugis
2245 3013 2258 3038 ‚
2293 2977 2350 3026 in
2383 2978 2580 3043 Delphi·

408 3049 553 3102 natu,
576 3043 893 3093 Pedemontio
907 3080 920 3104 ,
943 3043 1211 3104 sabaudia,
1234 3043 1454 3093 Vallesia
1468 3080 1480 3101 ,
1501 3044 1726 3093 Helvetia
1745 3081 1758 3107 ‚
1785 3045 2002 3105 Rhesus,
2030 3044 2281 3094 Carniolia
2303 3051 2355 3092 et
2386 3044 2515 3095 forte
2531 3046 2577 3093 in

409 3109 629 3160 Caucaso
654 3113 670 3171 (
683 3111 984 3175 Mey.‘,Verz.
1012 3127 1060 3176 p.
1087 3113 1201 3160 100.
1235 3126 1297 3160 ex
1326 3112 1524 3174 specim.
1546 3111 1694 3160 florif.
1723 3112 1904 3175 plantae
1921 3127 2089 3175 europ.
2118 3111 2313 3175 simill.)
2333 3140 2400 3148 —
2416 3111 2525 3162 Gau
2544 3111 2574 3154 ¹·

410 3174 459 3226 fl.
487 3175 619 3226 helv.
657 3180 705 3226 2.
733 3194 782 3242 p.
811 3182 893 3226 57.
928 3178 1138 3227 Putterl.
1174 3185 1223 3227 et
1247 3178 1391 3228 Endl.
1422 3180 1476 3227 in
1499 3194 1613 3244 gen.
1654 3180 1726 3243 pl.
1762 3179 1812 3227 fl.
1840 3195 1997 3243 germ.
2024 3178 2144 3227 fasc.
2183 3181 2266 3227 23.
2293 3193 2339 3227 c.
2387 3181 2452 3229 ic.
2475 3196 2538 3244 op

409 3243 645 3309 Myosotis
666 3259 799 3293 nana
825 3245 949 3295 Vin.
986 3244 1170 3309 dauph.
1198 3249 1250 3293 2.
1290 3262 1339 3309 p.
1374 3247 1492 3294 459.
1536 3255 1573 3295 t.
1608 3247 1688 3295 13.
1728 3246 1898 3295 Reich.
1940 3245 1991 3293 fl.
2019 3261 2126 3294 exc.
2168 3245 2231 3294 ic.
2268 3244 2372 3294 DC.
2419 3245 2470 3295 fi.
2516 3247 2574 3293 fr.

408 3325 461 3357 n.
486 3313 636 3359 2726.
674 3311 845 3361 Lehm.
870 3326 974 3375 asp.
1001 3328 1054 3360 n.
1084 3314 1166 3360 83.
1197 3312 1267 3361 M.
1295 3327 1430 3361 nana
1445 3320 1495 3362 et
1520 3313 1590 3362 M.
1619 3312 1887 3378 pauciflora
1907 3312 2067 3361 Vitm.
2095 3327 2273 3361 summ.
2316 3314 2364 3360 1.
2400 3329 2453 3377 p.
2482 3316 2571 3362 381

407 3381 457 3423 et
473 3378 588 3446 382.
613 3376 671 3425 Ε.
704 3392 890 3426 nanum
912 3399 943 3427 α
967 3378 1397 3442 odontospermum
1422 3379 1562 3429 Koch
1585 3379 1662 3428 ed.
1696 3383 1746 3427 2.
1773 3396 1823 3444 p.
1851 3381 1968 3428 582.
1992 3379 2105 3430 Cor.
2132 3379 2358 3430 eoeruleae
2376 3415 2389 3441 ,
2425 3379 2578 3431 sorni·

409 3441 548 3490 cibus
582 3440 738 3490 flavis.
769 3445 851 3506 (v.
877 3457 926 3491 v.
954 3451 1002 3492 et
1021 3460 1060 3491 s.
1093 3443 1339 3508 Adjunxit
1361 3462 1473 3509 syn.
1496 3446 1645 3510 Alph.
1672 3446 1811 3509 Dc.)

478 3530 527 3593 β.
565 3525 878 3584 stratorum,
910 3525 1107 3574 nuculis
1128 3525 1191 3573 ad
1210 3529 1457 3592 margines
1480 3528 1827 3591 integerrimis.
1854 3527 1907 3592 ‘1ss
1932 3529 1985 3577 in
2005 3528 2212 3577 summis
2234 3529 2452 3592 Alpibus
2472 3544 2583 3594 gra-

544 3589 710 3637 niticis
729 3590 997 3641 Carinthiae
1016 3598 1064 3642 et
1080 3592 1342 3642 Carniolioe
1362 3595 1536 3658 (Hacq.
1557 3595 1770 3658 Welw.)‚
1796 3610 1884 3643 nec
1907 3595 2079 3644 nonin
2097 3593 2416 3645 Pedemontio
2436 3610 2582 3660 supra

541 3655 761 3703 'l'endam
795 3657 962 3720 (Risso
982 3658 992 3706 Ξ
1013 3660 1049 3721 ),
1081 3660 1201 3708 etin
1224 3660 1456 3710 Vallesioe
1477 3661 1606 3710 valle
1632 3662 1681 3712 S.
1708 3661 1902 3712 Nicolai
1932 3662 2165 3726 (Reut.!).
2203 3662 2447 3725 Myosotis
2469 3664 2554 3713 Te)

548 3722 795 3786 glovensis
827 3723 985 3788 Hacq.
1020 3726 1087 3789 pl.
1127 3726 1224 3791 alp.
1252 3743 1300 3791 p.
1332 3729 1413 3776 12.
1450 3735 1489 3777 t.
1515 3732 1565 3777 2.
1600 3726 1638 3777 f.
1674 3732 1721 3778 6.
1763 3729 1916 3792 (excl.
1953 3728 2108 3778 deser.
2148 3729 2299 3778 fruct.
2356 3730 2483 3781 forte
2568 3745 2580 3754 ·

543 3789 714 3838 Aretia
759 3791 910 3853 petita
932 3794 969 3856 ).
1008 3792 1248 3856 Myosotis
1293 3810 1428 3843 nana
1469 3794 1615 3843 Wulf
1657 3795 1712 3845 in
1764 3796 1908 3858 Jacq.
1962 3797 2077 3845 coll.
2139 3812 2190 3860 p.
2234 3797 2357 3845 261.
2404 3798 2578 3863 BOS-

544 3856 693 3904 schw.
720 3863 768 3905 et
805 3857 932 3908 Heer
966 3858 1019 3907 fl.
1050 3860 1194 3909 Schw
1229 3876 1278 3925 p.
1316 3862 1430 3910 182.
1481 3861 1540 3909 Ε.
1577 3862 1836 3926 Hacquetii
1873 3862 2014 3911 Koch
2062 3878 2156 3927 syn
2202 3863 2268 3912 el.
2300 3865 2348 3912 1.
2385 3880 2436 3928 p.
2463 3866 2580 3912 607.

545 3922 605 3971 Ε.
634 3923 955 3988 tergloviense
985 3927 1192 3976 Putterl.
1221 3933 1269 3976 et
1295 3927 1441 3976 Endl.
1478 3928 1531 3977 in
1564 3944 1679 3993 gen.
1706 3930 1774 3993 pl.
1805 3929 1857 3978 fl.
1884 3945 2041 3994 germ.
2069 3929 2189 3979 fasc.
2220 3931 2303 3977 17.
2330 3930 2371 3979 f.
2398 3931 2576 3979 2⁷·32.

542 3988 601 4038 Ε.
630 4004 813 4040 nanum
836 4008 942 4042 var.
967 3993 1311 4058 leiospermum
1334 3994 1478 4043 Koch
1498 4011 1609 4058 syn.
1634 3995 1710 4044 ed.
1738 3999 1787 4045 2.
1809 4012 1860 4061 p.
1893 3999 2009 4045 583.
2036 3996 2095 4045 Ε.
2130 4011 2320 4045 nanum
2345 4013 2453 4046 var.
2480 3997 2583 4047 Mo-

543 4056 656 4104 ritzi
682 4056 733 4105 ss.
762 4057 919 4109 Sohw.
947 4076 996 4123 p.
1029 4063 1146 4109 286.
1174 4060 1336 4109 Priori
1371 4060 1626 4111 simillima
1646 4068 1697 4111 et
1717 4063 1803 4112 vix
1823 4078 1911 4127 per
1941 4063 2169 4113 anthesin
2200 4063 2578 4129 distinguenda!

545 4120 794 4186 specimen
834 4125 1067 4175 floridum
1094 4142 1124 4174 a
1143 4126 1438 4177 Billardiero
1474 4128 1526 4176 in
1545 4128 1743 4179 Oriente
1765 4130 1947 4178 lectum
1979 4129 2062 4178 hie
2084 4146 2145 4179 ex
2167 4130 2344 4178 habitu
2368 4132 2583 4179 referen-

546 4187 666 4241 dum
682 4190 875 4244 videtur
893 4199 939 4245 ot
958 4191 1074 4246 inde
1095 4193 1262 4247 forsan
1284 4193 1524 4261 Myosotis
1543 4211 1673 4249 nana
1691 4195 1851 4250 Sibth.
1877 4209 1905 4249 e
1925 4211 2116 4248 summo
2135 4196 2352 4263 olympo
2367 4195 2584 4263 Bithyno
