2808 4538
244 311 442 348 mens.
622 275 1509 355 SCROPHULARIACEAE
1556 289 1808 376 (meros
1830 302 2074 353 BENTH.
2100 292 2141 377 ).
2345 238 2478 358 265
2508 287 2517 298 ”

249 407 296 453 l.
321 405 386 453 D.
425 417 680 453 nummus
697 403 915 464 (Bonum
941 403 978 451 l.
1004 405 1074 462 c.)
1091 438 1104 462 ‚
1127 404 1260 453 foliis
1274 402 1593 453 subrotundis
1612 403 1719 452 basi
1745 404 1985 452 truncatis
2003 392 2404 476 cordatisve.(1]?
2419 408 2471 455 in

309 473 512 535 regione
535 471 770 520 orientali
804 471 989 519 Asi-iem
1015 472 1242 519 australis
1265 487 1296 518 a
1319 472 1568 519 montibus
1604 470 1744 517 distr.
1772 469 2049 535 Uitenhage
2081 486 2236 533 usque
2264 474 2326 521 ad
2354 475 2473 522 Port

309 537 456 587 Natal
481 537 646 597 [Eckl.
675 543 724 586 et
756 537 974 599 Zeyher!
1001 537 1190 600 Dregel
1217 541 1354 599 ete).
1383 538 1560 586 Caules
1584 545 1631 585 et
1655 536 1773 584 folia
1801 537 1912 599 plus
1947 538 2112 584 minus
2136 539 2369 601 pubentia
2396 541 2472 589 vel

309 604 471 653 rarius
495 605 692 668 glabra.
727 603 868 652 Folia.
895 603 1154 667 pollicearis
1188 605 1265 652 vel
1299 605 1446 667 paulo
1488 602 1694 666 majora.
1731 603 1928 666 calyeis
1961 612 2211 667 segmenta
2239 607 2473 670 oblongo-

309 672 544 731 linenritt‚
574 671 894 732 suboequalia.
921 671 1119 719 Corolla
1138 686 1252 719 eum
1275 671 1467 718 calcare
1498 673 1523 717 7
1556 670 1646 717 lin.
1686 671 1839 733 longa
1860 705 1873 729 ‚
1916 671 2048 719 labio
2072 671 2301 721 inferiore
2322 689 2471 737 quam

307 738 538 802 superius
566 738 716 800 duplo
735 737 975 800 longiore.
1009 736 1220 800 Capsulu
1237 737 1729 801 glanduloso·pilosa.
1759 737 1826 799 (v.
1855 739 1919 800 s.)

241 825 292 870 2.
329 822 394 869 D.
433 834 621 870 ovum
648 819 844 885 (Benth.
889 821 925 868 l.
961 821 1061 882 c.)‚
1102 819 1235 868 foliis
1261 821 1541 869 lato-ovatis
1577 820 1896 870 acutiusculis
1930 821 2136 870 dentatis
2173 824 2276 872 basi
2304 831 2475 873 rotun-

308 887 690 937 dato-cuneatis.
717 884 764 941 (ῖ
796 885 820 933 ⁴?
850 887 902 934 in
943 886 1037 934 ius.
1083 887 1407 950 Madagascar
1442 887 1690 934 interioris
1737 887 1987 936 montibus
2031 889 2284 938 altissimis
2329 907 2467 955 prov.

308 955 619 1004 Emirnensis
652 952 884 1017 (Bojer!).
923 953 984 1000 D.
1028 955 1238 1016 reptanti
1271 953 1464 1001 similis.
1503 954 1669 1002 Flores
1698 953 1901 1000 dimidio
1938 956 2148 1005 minores
2184 958 2475 1020 pedunculis

307 1023 392 1070 vix
425 1021 551 1070 folia
573 1021 902 1084 aequantibus.
927 1019 1137 1084 Capsula
1162 1021 1260 1069 fere
1273 1021 1476 1085 glabra.
1501 1025 1566 1082 (v.
1590 1021 1643 1067 in
1667 1019 1803 1067 herb.
1832 1021 1933 1070 DC.
1962 1029 2010 1070 et
2032 1024 2271 1087 Hooker.)

240 1107 289 1151 3.
326 1103 394 1151 D.
433 1115 795 1161 mamutius,
843 1102 976 1150 foliis
1007 1102 1228 1151 obovatis
1268 1103 1457 1151 obtusis
1497 1102 1825 1166 integerrimis
1868 1104 2320 1169 paueidentatisque
2366 1108 2472 1156 basi

304 1169 813 1234 angustato-cuneatus
845 1170 993 1232 longe
1014 1169 1261 1232 petiolstis
1277 1204 1290 1228 ‚
1330 1169 1621 1232 pedunculis
1646 1169 1764 1217 folio
1785 1169 2111 1232 longioribus.
2130 1168 2228 1240 [1ss
2248 1173 2309 1220 ad
2347 1173 2471 1222 Rhi-

305 1237 547 1300 nostekop
581 1238 633 1284 in
661 1237 830 1285 Africa
870 1236 1075 1283 australi
1101 1235 1352 1298 (Barkes.
1389 1236 1457 1284 D.-
1484 1236 1691 1299 reptanti
1730 1236 1904 1283 similis
1939 1237 2020 1285 sed
2052 1238 2281 1287 soliorum
2314 1239 2476 1289 sormss

301 1304 599 1367 pedunculis
616 1303 859 1366 elongatis
875 1301 1147 1350 etfloribus
1165 1302 1437 1365 majoribus
1458 1302 1707 1350 distincta.
1736 1303 1803 1364 (v.
1831 1319 1872 1350 s.
1895 1318 2072 1351 comm.
2100 1320 2128 1352 a.
2148 1306 2210 1353 el.
2235 1306 2473 1371 Hooker.)

361 1434 572 1494 Tribus
601 1438 661 1492 V.
704 1433 1307 1495 ANTIRRHINEAE
1338 1431 1514 1495 Char.
1553 1452 1700 1493 mon.
1744 1432 1999 1496 Antirrh.
2034 1439 2187 1497 1833
2219 1437 2326 1515 (1).

317 1581 490 1657 Calyx
538 1580 852 1657 &partitus
878 1578 966 1638 vel
994 1577 1141 1638 ultra
1176 1577 1428 1638 medium
1472 1577 1696 1638 5-fidus.
1730 1578 1948 1638 Corolla
1992 1578 2247 1639 tubulosa
2270 1624 2285 1650 ,
2325 1580 2470 1641 bila·
2506 1587 2510 1592 ’

237 1661 384 1721 biata
407 1707 421 1729 ,
456 1677 606 1736 saepe
643 1669 933 1736 personata
962 1670 1020 1718 et
1056 1658 1171 1719 basi
1201 1658 1415 1718 calcare
1446 1658 1531 1716 vel
1559 1657 1730 1732 gibbo
1761 1669 1921 1717 aucta
1948 1704 1963 1728 ,
2007 1659 2152 1718 labio
2180 1661 2471 1735 superiore

237 1742 451 1810 bilche,
479 1740 623 1799 lobis
647 1739 962 1811 patentibus
990 1739 1299 1808 reflexisve‚
1335 1737 1602 1797 inferiore
1625 1738 1829 1798 trilobo
1849 1785 1863 1809 ,
1899 1739 2039 1798 lobis
2068 1739 2246 1815 planis
2268 1739 2472 1817 patenss

238 1822 388 1882 tibus
414 1821 505 1880 vel
536 1821 769 1880 reflexis,
809 1821 1058 1880 Stamina
1089 1824 1124 1882 [t
1151 1864 1166 1888 ‚
1199 1818 1595 1878 adscendentia
1622 1864 1636 1889 ,
1670 1817 1969 1894 didynama
1991 1864 2005 1889 ,
2045 1820 2229 1897 quinti
2260 1822 2469 1881 summi

238 1902 568 1962 rudimento
588 1900 742 1959 nullo
761 1900 847 1959 vel
865 1917 1050 1976 parvo,
1081 1897 1348 1960 Antherae
1369 1898 1701 1959 biloculares
1721 1945 1737 1969 ,
1762 1899 1959 1959 loculis
1977 1899 2255 1960 distinctis
2283 1902 2472 1961 conti-

237 1983 363 2058 guis
379 1981 659 2058 parallelis
675 1981 764 2040 vel
790 1980 1108 2040 divaricatis
1126 2025 1142 2050 ‚
1165 1980 1349 2039 rarius
1373 1979 1803 2039 confluentibus.
1837 1978 2029 2056 stylus
2046 1980 2286 2056 integer,
2311 1982 2472 2059 apice

237 2063 563 2139 stigmatoso
590 2079 738 2137 saepe
766 2062 1109 2135 emarginato
1139 2061 1321 2119 rarius
1350 2060 1597 2120 breviter
1636 2060 1824 2120 bifido.
1857 2061 2112 2137 Capsulae
2152 2062 2323 2122 loculi
2362 2062 2497 2124 sub‘

236 2145 394 2219 apice
417 2142 572 2218 poris
589 2140 672 2201 vel
691 2140 1058 2201 foraminibus
1079 2143 1177 2200 1-2
1195 2139 1585 2209 dehiscenteS,
1611 2142 1732 2216 pori
1756 2141 2104 2216 marginibus
2123 2142 2180 2200 in
2202 2141 2468 2202 laminam

236 2224 322 2283 vel
359 2223 563 2283 dentes
593 2224 740 2281 1-10
771 2221 913 2281 fissis
941 2220 1025 2280 vel
1060 2220 1441 2297 irregulariter
1464 2221 1646 2298 ruptis
1669 2267 1683 2292 ‚
1711 2222 1921 2281 suturis
1948 2221 2323 2300 carpellorum
2349 2224 2472 2284 dis-

234 2305 553 2381 sepimento
602 2302 961 2379 placentifero
1000 2300 1432 2361 adhaerentibus,
1460 2303 1697 2363 'Semina
1726 2303 1929 2380 saepius
1958 2320 2257 2363 numerosa
2279 2349 2294 2373 ‚
2328 2308 2471 2365 testa

233 2383 536 2445 foveolato-
555 2385 638 2443 vel
669 2382 1264 2457 tuberculoso-rugosa
1289 2428 1303 2452 ,
1339 2382 1521 2442 rarius
1548 2382 1673 2443 laevi
1696 2428 1712 2453 ‚
1745 2394 2016 2443 caeterum
2040 2385 2469 2444 membranacea

232 2464 394 2525 alata.
427 2464 679 2541 Embryo
695 2475 883 2523 rectus
903 2462 985 2522 vel
1008 2462 1206 2522 leviter
1226 2463 1524 2533 incurvuS,
1548 2461 1798 2523 radicula
1836 2463 1905 2523 ad
1934 2462 2113 2523 hilum
2152 2475 2460 2541 spectante.
2552 2533 2557 2538 ,

231 2578 314 2590 —-
336 2545 550 2605 Herbae
586 2561 788 2604 annuae
818 2544 902 2603 vel
941 2559 1222 2620 perennes
1244 2588 1258 2613 ,
1305 2560 1453 2619 saepe
1492 2541 1799 2602 rbizomate
1835 2544 2057 2603 donatae
2082 2590 2096 2614 ‚
2131 2547 2315 2605 rarius
2350 2545 2470 2606 basi

229 2625 485 2702 lignosae.
548 2624 746 2685 Caules
801 2642 955 2683 nunc
1003 2622 1203 2684 breves
1243 2623 1595 2683 subterranei
1620 2668 1635 2692 ,
1686 2623 1856 2681 ramis
1892 2624 2153 2683 floriferis
2198 2626 2471 2702 elongatis

228 2705 695 2775 cauliformibm»,
736 2722 889 2766 nunc
915 2702 1156 2780 elongati
1186 2705 1387 2771 erecti,
1429 2702 1833 2762 adscendentes
1855 2749 1871 2772 ,
1903 2705 2349 2779 procumbentes
2377 2706 2466 2765 vel

228 2786 586 2846 scandentes.
649 2785 797 2844 Folia
834 2785 1136 2858 ingeriora,
1187 2784 1368 2843 rarius
1412 2784 1529 2842 fere
1570 2783 1757 2841 omnia
1785 2829 1798 2853 ,
1848 2782 2078 2842 alterna.
2140 2785 2461 2846 Peduuculi

232 2866 467 2926 uniflori
486 2911 503 2937 ,
533 2866 865 2936 ebt-actem,
900 2865 1152 2925 axillares
1179 2864 1263 2924 vel
1288 2865 1494 2940 saepius
1529 2863 1599 2922 ad
1626 2862 1812 2939 apices
1840 2881 2136 2923 ramorum
2157 2866 2454 2926 racemosi.

946 2995 1371 3046 CONSPECTUS
1409 2994 1747 3043 GENERUM.

313 3109 543 3167 xxm.
594 3105 854 3166 Linaria.
907 3106 1121 3169 Corolla
1167 3105 1284 3165 basi
1324 3105 1594 3165 calcarata
1614 3149 1630 3174 ‚
1665 3104 1846 3181 palato
1884 3105 1954 3167 ad
1982 3103 2204 3166 faucem
2247 3108 2465 3182 promi-

226 3188 374 3248 nulo
401 3233 417 3259 ‚
451 3188 636 3248 rarius
661 3186 942 3264 depresso.

313 3286 528 3344 XXIV.
609 3281 1016 3343 Anamfiinum.
1089 3282 1307 3343 Corolla
1358 3284 1600 3365 (parva)
1648 3287 1763 3347 basi
1808 3285 2078 3345 caleat-ata
2143 3283 2226 3343 vel
2289 3283 2472 3343 rarius

226 3364 569 3433 emunata,
603 3365 765 3424 sance
793 3364 997 3440 pervia.
1037 3363 1273 3439 Capsula
1300 3363 1468 3425 dorso
1496 3368 1646 3442 poris
1666 3371 1698 3426 2
1723 3365 2116 3426 univalvulatis
2145 3363 2461 3426 dehiscens.

223 3477 315 3490 --
341 3445 524 3520 Regio
569 3445 991 3506 Mediterranea.

312 3546 497 3606 XXV.
551 3541 966 3602 Antirrhimtm.
1019 3542 1237 3604 Corolla
1281 3542 1532 3621 (ampla)
1578 3543 1695 3604 basi
1730 3555 1974 3615 saccata,
2019 3543 2197 3620 palato
2243 3543 2470 3603 faucem

225 3622 550 3684 claudente.
591 3623 826 3699 capsula
856 3623 1010 3699 poris
1037 3625 1147 3682 2-53
1178 3621 1491 3683 dehiscens.

311 3725 524 3783 XXVI.
579 3719 952 3781 Mau-randia.
1007 3721 1223 3782 corolla
1257 3720 1510 3799 (ampla)
1548 3721 1663 3781 basi
1691 3721 1891 3797 gibba,
1923 3721 2103 3797 palato
2131 3721 2216 3779 vel
2250 3721 2467 3797 promi-

227 3815 403 3863 nente
431 3802 522 3862 vel
551 3801 714 3880 plicis
747 3806 779 3877 2
809 3802 1081 3878 supplem.
1122 3802 1375 3879 Capsulae
1399 3802 1569 3862 loculi
1596 3800 1860 3861 dentibus
1894 3802 2149 3877 pluribus
2174 3801 2468 3862 valvaefor—

227 3884 420 3945 mibus
440 3882 819 3944 dehiscentes.
853 3915 931 3926 --
962 3882 1180 3943 Mexico
1211 3894 1268 3942 et
1290 3882 1608 3944 Galifornia.

285 4052 328 4105 (¹
387 4046 944 4114 confer-monograpbinm
965 4047 1081 4089 hanc
1098 4049 1346 4143 εςνθῗᾳω,
1366 4058 1499 4112 quarn
1533 4045 1626 4089 fere
1646 4056 1823 4110 semper
1860 4052 2038 4109 secutus
2076 4058 2190 4088 sum.
2221 4045 2397 4108 Species
2434 4045 2479 4086 in

233 4106 265 4147 l?
389 4101 638 4148 lusitantes
653 4107 770 4163 auct.
802 4099 1111 4164 flofl'mansegg
1143 4107 1189 4144 et
1253 4101 1328 4164 ink
1357 4101 1466 4164 mibi
1506 4112 1593 4143 non
1614 4111 1701 4164 nisi
1720 4110 1775 4142 ex
1795 4099 1942 4163 verbis
1977 4099 2347 4162 Cbavannesmms
2368 4102 2482 4161 notae

233 4165 331 4203 sunt
349 4192 364 4216 ,
387 4159 567 4204 frustra
597 4165 720 4199 emm
740 4154 968 4209 exemplar
985 4165 1135 4209 opens
1158 4154 1292 4198 ninus
1311 4155 1493 4210 pretiosi
1516 4155 1560 4197 in
1582 4154 1861 4197 bubliothecns
1883 4153 2237 4198 Londnnensibus
2254 4162 2451 4205 ‹lumen-1.
