2808 4538
289 250 421 319 164
834 246 1237 349 DICOTYL.
1290 269 1403 315 SEU
1449 243 1938 316 EXOGENAE.
2103 269 2556 341 septumum&

488 371 535 454 S
561 372 616 434 1.
666 369 942 455 Fornices
971 369 1204 431 corollae
1238 367 1345 432 sub
1371 368 1565 430 medici
1591 368 1715 430 tubi
1736 384 1909 449 parce
1933 369 2166 441 inseram
2199 370 2308 450 (1).

957 484 984 511 *
1025 487 1208 534 corolla
1242 490 1397 548 calyce
1435 501 1605 548 param
1633 489 1830 546 lonqior.

295 590 345 639 1.
382 589 434 640 S.
470 588 896 641 ‘rounam-oum
920 622 931 648 ,
959 592 1092 636 totus
1118 587 1247 652 pube
1264 585 1407 636 molli
1446 585 1583 636 brevi
1614 585 2189 642 canescenti-velutinus‚
2217 582 2354 634 foliis
2385 585 2520 636 radi-

353 657 543 705 calibus
564 657 616 706 in
637 658 876 722 petiolum
906 656 1014 705 basi
1045 654 1311 705 attenuatis
1329 689 1342 713 ‚
1386 652 1597 703 caulinis
1620 653 1991 702 decurrentibus
2031 652 2522 717 semiamplexicauli·

338 725 431 773 bus
467 723 1039 790 oblongo-lanceolatis‚⁴
1064 721 1271 770 racemis
1306 721 1524 769 conferte
1564 720 1904 771 secundifloris
1955 719 2104 768 nudis
2149 720 2202 768 in
2232 722 2519 784 paniculum

353 791 604 855 dispositis
621 826 634 850 ‚
665 793 833 855 calyce
853 790 1138 840 subhirsuto
1163 789 1398 853 5-partito
1418 788 1548 838 lobis
1569 788 1815 855 oblongis,
1839 786 2134 836 staminibus
2160 787 2351 836 corolla
2371 788 2520 852 duplo

352 858 687 922 longioribus,
728 856 926 909 nuculis
969 855 1201 907 convexis
1242 855 1391 907 etiam
1414 855 1549 904 disco
1570 854 1720 919 longe
1758 854 2016 904 echinatis.
2052 853 2104 916 ‘2ss
2133 854 2189 903 in
2210 854 2546 919 Cappadocis·

354 925 565 987 (Tourn.
588 940 690 975 cor.
713 941 763 990 Ρ.
788 928 838 974 7.
855 926 893 987 ),
912 922 975 973 ad
994 923 1297 986 Euphratem
1316 931 1367 972 et
1388 922 1454 973 ad
1473 921 1783 987 Moyourdag
1806 920 2020 983 (Auchi
2046 937 2098 970 11.
2120 922 2253 969 2129
2274 929 2324 971 et
2342 924 2516 985 2293).

351 991 714 1057 Cynoglossum
753 992 1051 1041 stamineum
1073 990 1209 1040 Desf.
1234 1006 1353 1039 ann.
1396 1005 1526 1038 mus.
1569 990 1651 1038 10.
1677 1004 1727 1053 p.
1755 990 1872 1037 431.
1898 995 1936 1038 t.
1973 991 2058 1037 36.
2097 987 2258 1039 Choix
2298 989 2371 1053 pl.
2414 1004 2516 1039 cor.

328 1074 399 1123 ·p.
436 1062 519 1107 28.
544 1066 582 1107 t.
615 1061 696 1109 19.
718 1059 890 1109 Lehm.
921 1074 1024 1121 asp.
1045 1073 1096 1106 n.
1127 1059 1220 1106 127
1248 1073 1348 1105 11011
1369 1057 1507 1105 Bieb.
1540 1054 1720 1105 Mattia
1740 1055 1980 1105 staminea
1995 1055 2154 1104 Roem.
2181 1062 2230 1104 et
2252 1054 2370 1105 Soh-
2397 1061 2520 1120 syst.

349 1127 400 1175 4.
429 1142 478 1190 Ρ.
506 1130 592 1175 82.
626 1143 676 1190 Ρ.
703 1128 819 1174 764.
847 1126 961 1176 Cor.
988 1140 1128 1173 rosea
1150 1140 1212 1172 ex
1235 1124 1390 1173 deser.
1433 1128 1520 1172 aut
1556 1138 1620 1172 ex
1642 1123 1706 1172 ic.
1732 1123 1901 1173 rubra.
1942 1122 2153 1173 Nucula
2192 1122 2524 1173 subconvexae

352 1193 534 1242 aculeis
561 1194 698 1257 apice
716 1191 1319 1257 glochidiato-stellulatis.
1349 1191 1424 1255 (v.
1453 1191 1516 1255 s.)

283 1280 335 1326 2.
362 1276 413 1326 S.
440 1289 769 1326 renouare
782 1310 797 1335 ,
819 1283 927 1327 tota
946 1276 1276 1325 minutissime
1298 1276 1567 1339 pubescens
1582 1309 1597 1332 ‚
1621 1273 1758 1324 foliis
1779 1272 1936 1323 radic.
1960 1281 2022 1323 et-
2035 1273 2250 1323 caulinis
2270 1273 2523 1324 inferiori-

352 1344 447 1392 bus
467 1343 615 1409 longe
636 1344 882 1407 petiolatis
906 1343 1147 1403 ovalibus,
1175 1343 1384 1392 caulinis
1407 1358 1515 1406 sup.
1540 1341 1827 1391 brevissime
1840 1341 2213 1390 decurrentibus
2232 1348 2320 1390 aut
2341 1342 2524 1391 sessili-

350 1410 472 1469 bus,
498 1412 704 1461 racemis
729 1411 972 1475 elongatis
996 1411 1144 1459 nudis
1180 1408 1521 1459 secundifloris
1563 1408 1618 1457 in
1657 1408 1942 1472 paniculam
1977 1408 2224 1473 dispositis
2238 1443 2251 1467 ,
2278 1409 2453 1473 calyce
2469 1413 2523 1456 5-

349 1478 549 1542 partito,
566 1479 695 1529 lobis
708 1478 936 1543 oblongis
950 1478 1058 1526 basi
1073 1477 1367 1541 angustatis,
1389 1475 1685 1525 staminibus
1706 1475 1893 1525 corolla
1907 1475 2059 1539 duplo
2069 1475 2170 1524 fem
2186 1475 2519 1539 longioribus,

348 1546 549 1594 nuculis
572 1545 811 1610 depressis
833 1552 975 1594 extus
999 1545 1160 1608 planis
1193 1543 1451 1592 muricatis
1476 1542 1701 1606 margine
1730 1542 2180 1591 cristato-dentatis.
2221 1543 2272 1598 Ἡ
2304 1542 2360 1590 111
2384 1558 2524 1592 mon—

350 1612 485 1662 tibus
502 1612 866 1661 Kurdistanicis
890 1613 1010 1662 etin
1043 1611 1396 1675 Mesopotamia
1417 1609 1540 1674 legit
1561 1610 1624 1658 cl.
1651 1608 1850 1657 Aucher
1873 1609 1975 1673 (pl.
2013 1624 2116 1657 exs.
2142 1625 2195 1657 n.
2223 1610 2408 1673 2295).
2436 1610 2525 1659 Pe-

350 1679 462 1729 tioli
492 1682 523 1727 5
546 1680 665 1744 poll.
684 1679 851 1743 longi,
874 1679 1097 1742 juniores
1137 1679 1267 1742 pube
1306 1679 1518 1726 retrorsa
1548 1675 1658 1725 cani
1672 1711 1685 1735 ‚
1730 1675 1887 1724 adulti
1924 1676 2008 1724 vix
2048 1676 2384 1740 pubescentes.
2410 1677 2525 1726 Flos

351 1746 453 1795 Sol.
479 1747 831 1796 Tournesortii.
859 1746 1072 1795 Fructus
1084 1751 1139 1793 ut
1156 1746 1273 1793 ineo
1296 1746 1329 1791 4
1347 1745 1439 1792 lin.
1466 1745 1648 1807 longus
1667 1743 1836 1806 calyce
1849 1740 2064 1807 longior.
2079 1742 2254 1792 Aculei
2270 1743 2524 1794 interdum

349 1828 488 1861 secus
510 1815 731 1861 carinam
754 1811 906 1873 disci,
946 1827 1114 1861 omnes
1139 1812 1275 1877 apice
1297 1809 1878 1875 glochidiato-stellulati.
1906 1811 1982 1874 (v.
2009 1825 2050 1859 s.
2078 1825 2110 1858 a
2129 1810 2194 1860 cl.
2216 1810 2355 1875 inv.)

285 1898 335 1943 3.
363 1892 415 1943 S.
444 1906 771 1943 cincrnsrns
802 1893 1004 1958 (101101).
1047 1893 1100 1941 fi.
1135 1894 1222 1945 alt.
1262 1895 1310 1942 1.
1350 1909 1400 1956 p.
1440 1888 1553 1941 194.
1601 1892 1666 1941 ic.
1715 1891 1769 1939 fl.
1803 1908 1925 1942 ross.
1959 1890 2034 1940 ill.
2077 1892 2124 1941 1.
2154 1897 2190 1940 t.
2225 1894 2359 1955 26),
2388 1893 2526 1942 caule

350 1961 836 2025 pubescenti-villoso
849 1995 862 2018 ,
892 1960 1023 2009 foliis
1046 1959 1203 2009 radic.
1238 1959 1485 2025 petiolatis
1508 1958 1978 2009 ovato-subcordatis
2013 1959 2488 2022 subpubescentibus
2506 1995 2520 2017 ‚

353 2027 563 2077 caulinis
593 2027 1123 2091 subamplexicaulibus
1139 2061 1152 2086 ‚
1179 2026 1384 2075 racemis
1409 2025 1569 2074 densis
1593 2027 1840 2076 circinatis
1874 2026 1928 2075 in
1957 2027 2239 2089 paniculum
2260 2034 2523 2091 angustam

355 2094 627 2158 dispositis,
667 2094 799 2144 soliis
821 2092 1083 2161 floralibus¹
1107 2093 1264 2142 ovatis
1295 2093 1623 2143 obtusissimis
1639 2128 1654 2151 ‚
1685 2094 1852 2157 calyce
1880 2094 2116 2157 5·partito
2141 2093 2269 2142 lobis
2296 2094 2525 2159 oblongis

350 2162 694 2222 acutiusculis‚
722 2166 865 2209 stam.
888 2161 1073 2209 corolla
1093 2159 1242 2224 duplo
1258 2160 1597 2224 longioribus,
1623 2161 1818 2209 nuculis
1842 2158 2078 2224 depressis
2101 2160 2319 2223 undique
2343 2162 2526 2210 aculeis

348 2229 665 2294 glochidiatis
687 2227 909 2277 obtectis.
936 2225 1042 2294 26?
1073 2226 1168 2289 653?
1195 2227 1249 2278 in
1285 2227 1570 2292 regionibus
1607 2227 1780 2277 orient.
1829 2226 2022 2276 Sibiriae
2059 2226 2270 2277 Altaicae
2309 2227 2520 2291 (Fiscus

354 2295 549 2360 Bunge!
578 2295 758 2345 Ledeb.
785 2295 905 2344 Kar.
945 2302 995 2344 et
1014 2294 1148 2344 Kir.!
1182 2310 1235 2343 n.
1273 2297 1389 2344 358.
1417 2294 1469 2343 h.
1505 2310 1661 2358 mosq.
1681 2297 1718 2358 ).
1752 2293 2186 2358 Echinospermum
2225 2294 2525 2344 circinatum

346 2361 412 2411 D.
440 2363 597 2412 Dietr.
621 2362 788 2413 Caulis
808 2361 1111 2426 1-3-pedalis.
1144 2360 1285 2411 Folia
1318 2361 1515 2411 floralia
1539 2361 1827 2425 pedunculis
1846 2362 2089 2411 breviora.
2109 2363 2331 2412 Bracteae
2352 2365 2520 2412 nulla.

353 2430 466 2479 Cor.
495 2445 852 2494 purpurascens
869 2436 980 2493 post
1000 2429 1179 2479 exsicc.
1202 2429 1370 2478 Flores
1393 2429 1594 2479 coerulei
1619 2429 1904 2492 fructusque
1923 2428 2207 2478 brevissime
2223 2429 2521 2493 pedicellati.

352 2496 513 2545 Nuces
542 2498 631 2545 4-5
664 2496 755 2545 lin.
788 2496 951 2561 longae
968 2532 981 2558 ,
1009 2495 1137 2546 inter
1158 2497 1352 2545 aculeos
1377 2496 1716 2556 muriculatae,
1750 2495 1930 2545 aculeis
1961 2497 2184 2562 margine
2207 2496 2384 2546 carina
2407 2496 2524 2547 disci

354 2569 405 2611 et
426 2563 554 2613 inter
573 2563 849 2628 marginem
872 2573 921 2612 et
942 2563 1161 2612 carinam
1192 2565 1485 2628 regulariter
1514 2563 1779 2627 dispositis.
1808 2562 1992 2627 (Alph.
2019 2563 2129 2613 Dc.
2161 2580 2212 2612 v.
2247 2563 2324 2628 s.)

291 2643 344 2692 4.
379 2643 430 2695 S.
457 2646 781 2695 Arnmmms
801 2645 1120 2710 (Hohenack.
1145 2646 1273 2695 bull.
1302 2662 1402 2695 soc.
1442 2661 1594 2695 mose.
1630 2646 1758 2695 1838
1786 2663 1836 2711 Ρ.
1874 2647 2025 2708 306),
2053 2646 2268 2695 molliter
2310 2645 2523 2696 cinereo-

357 2712 561 2763 villosus
576 2749 589 2775 ,
610 2714 753 2763 caule
773 2714 945 2762 striato
966 2714 1113 2763 dense
1134 2712 1309 2763 folios‘o
1324 2748 1336 2772 ,
1362 2712 1497 2762 foliis
1514 2712 1811 2762 radicalibus
1833 2713 2079 2778 petiolatis
2098 2714 2520 2778 ovato-oblongis,

358 2780 569 2831 caulinis
598 2781 1139 2845 elongato-lanceolatis
1154 2815 1167 2840 ,
1206 2780 1350 2830 infer.
1388 2781 1495 2830 basi
1541 2780 1804 2829 attenuatis
1820 2816 1834 2840 ,
1875 2780 2082 2829 summis
2116 2781 2330 2830 breviter
2354 2781 2522 2830 decur-

362 2847 607 2908 rentibus,
634 2848 841 2898 racemis
864 2847 1138 2897 densifloris
1160 2863 1221 2896 ex
1243 2847 1411 2895 axillis
1445 2847 1533 2896 fol.
1558 2847 1865 2911 superiorum
1886 2847 2006 2895 ortis
2029 2846 2082 2896 in
2101 2847 2388 2911 panio-ulam
2409 2863 2522 2897 con-

360 2914 500 2964 fertis
516 2950 529 2976 ‚
554 2915 807 2980 calycibus
829 2913 1033 2964 hirsutis
1057 2913 1184 2964 lobis
1220 2914 1489 2964 linearibus
1515 2914 1602 2963 vix
1633 2915 1815 2974 acutis,
1850 2920 1995 2962 stam.
2033 2929 2060 2963 e
2096 2914 2285 2964 corolla
2314 2916 2524 2964 breviter

360 2983 590 3044 exsertis,
647 2983 844 3034 nuculis
883 2981 1311 3032 calathiformibus
1355 2988 1526 3030 centro
1575 2980 1830 3030 muricatis
1882 2981 2108 3045 margine
2162 2981 2356 3030 subulis
2415 2982 2521 3046 glo-

362 3048 609 3099 chidiatis.
630 3054 685 3111 (⁶59
709 3052 762 3099 in
781 3049 1055 3114 Apenninis
1081 3049 1330 3109 Etruscis,
1356 3048 1592 3098 Romanis
1614 3054 1664 3096 et
1684 3047 2021 3111 Neapolitanis
2035 3083 2049 3108 ,
2064 3048 2118 3096 in
2142 3047 2314 3097 Sicilia
2332 3048 2523 3112 (Guss.)

362 3132 453 3166 1100
475 3133 577 3167 non
598 3117 651 3166 in
675 3117 882 3167 Graeciae
916 3115 1291 3180 campestribus,
1334 3115 1575 3172 zacintho
1616 3122 1665 3164 et
1700 3115 1865 3179 Cypro
1889 3111 2132 3177 (Sibth.).
2163 3114 2525 3179 Cynoglossum

361 3184 678 3249 Apenninum
693 3185 842 3234 Linn.
873 3198 944 3248 sp.
975 3185 1090 3232 193.
1122 3184 1305 3232 Bertol.
1346 3182 1398 3231 fl.
1432 3183 1541 3232 ital.
1584 3185 1634 3231 2.
1683 3198 1733 3246 p.
1762 3185 1880 3230 306.
1899 3181 2051 3232 Gues.
2077 3197 2190 3246 syn.
2236 3197 2287 3246 p.
2311 3184 2434 3231 224.
2460 3210 2526 3221 -

363 3251 471 3301 Col.
496 3251 662 3315 ecphr.
691 3253 806 3301 170.
834 3251 897 3300 ic.
918 3249 1073 3300 Sabb.
1095 3248 1227 3300 hort.
1263 3265 1388 3300 rom.
1409 3253 1462 3298 2.
1487 3255 1526 3298 t.
1565 3252 1651 3298 37.
1678 3263 1806 3312 pess.
1830 3263 1892 3297 ex
1920 3245 2093 3298 Lehm.
2131 3249 2309 3299 Gaulos
2332 3251 2526 3314 2-4·Ρο-

363 3317 516 3365 dales.
536 3318 768 3367 Pedicslli
785 3318 922 3367 floris
945 3318 1149 3368 breviss.
1175 3318 1350 3367 deinde
1372 3316 1473 3366 fere
1498 3319 1530 3365 9
1551 3316 1644 3365 1111.
1665 3316 1897 3365 Fornioes
1919 3316 2152 3380 oblongas
2173 3316 2494 3379 pubescentes
2507 3351 2522 3375 ‚

362 3383 455 3431 sub
471 3384 631 3432 medio
646 3384 755 3432 tubi
776 3385 989 3433 insertus.
1008 3385 1123 3434 Cor.
1143 3385 1333 3434 nubilis
1350 3384 1529 3434 rubida
1542 3417 1555 3443 ‚
1581 3383 1776 3432 demum
1789 3384 2285 3447 purpuneo—coerulea.
2303 3383 2374 3446 (v.
2401 3400 2444 3432 s.
2459 3385 2529 3446 0.)

296 3467 345 3511 5.
382 3463 436 3514 S.
482 3477 923 3515 nmcnrsnsnox
968 3467 1162 3529 (Fisch.
1207 3473 1257 3516 et
1286 3469 1418 3531 Mey.
1451 3482 1512 3516 ex
1553 3467 1747 3516 Heben.
1784 3467 1838 3516 in
1872 3465 1998 3515 11011.
2029 3482 2127 3516 000.
2177 3481 2332 3515 moso.
2374 3468 2526 3517 1838.

365 3547 417 3594 Ρ.
439 3531 567 3593 306)
584 3566 596 3590 ,
620 3533 755 3580 villis
786 3533 1027 3596 elongatis
1065 3535 1416 3598 lanuginosus‚
1458 3534 1593 3583 foliis
1600 3568 1820 3594 ......
1839 3533 2048 3583 racemis
2052 3567 2291 3593 ......
2319 3534 2524 3583 stamin-

367 3597 676 3660 longitudine
692 3600 916 3658 corollae,
940 3601 1136 3649 nuculis
1158 3602 1450 3665 marginatis
1472 3602 1525 3649 in
1548 3601 1683 3650 disco
1703 3601 1817 3651 setis
1846 3601 2091 3665 elongatis
2111 3600 2491 3650 aculeatissimis
2509 3636 2525 3660 ‚

320 3697 327 3706 -
365 3664 603 3712 lateribus
645 3665 829 3714 aculeis
862 3666 1173 3730 paucioribus
1214 3667 1444 3717 brevibus
1477 3667 1720 3718 subulatis
1757 3669 1977 3718 armetis.
1997 3695 2063 3705 -—-
2085 3668 2143 3718 In
2183 3667 2324 3716 silvis
2345 3668 2530 3726 Pei-‚sia

362 3746 515 3795 prope
535 3730 812 3781 Leukoran.
836 3731 1012 3781 Affinis
1039 3734 1219 3782 dicitur
1243 3735 1292 3783 S.
1318 3735 1655 3784 Biebersteinii
1679 3742 1729 3784 et
1759 3735 1809 3786 S.
1850 3735 2137 3799 Apennino,
2170 3733 2258 3783 sed
2279 3734 2343 3782 ab
2367 3734 2527 3784 omni·

365 3798 461 3847 bus
489 3797 651 3847 differt
668 3796 930 3848 filamentis
951 3801 1035 3848 vix
1054 3800 1258 3849 exsertis
1274 3837 1287 3859 ‚
1313 3817 1403 3850 nec
1425 3818 1525 3851 non
1556 3802 1752 3851 nuculis
1785 3801 2057 3866 majoribus
2082 3802 2218 3850 intra
2247 3802 2527 3866 marginem

364 3865 701 3928 prominulam
736 3867 918 3916 aculeis
959 3867 1267 3932 longioribus
1302 3869 1649 3933 gracilioribus
1693 3870 1893 3918 setaceis
1944 3868 2088 3917 dense
2123 3868 2362 3928 obsessis,
2387 3875 2530 3918 extra

362 3931 640 3997 marginem
669 3935 1032 3983 subinermibus
1051 3935 1129 3984 vel
1151 3935 1334 3984 aculeis
1355 3936 1586 3985 brevibus
1607 3936 1743 3985 haud
1763 3936 2035 3987 numerosis
2056 3935 2280 3984 armatis.

377 4091 423 4147 1)
449 4092 578 4136 Char.
597 4092 815 4138 fornicum
835 4093 1064 4136 observavi
1078 4100 1125 4136 et
1142 4092 1245 4136 inde
1258 4094 1604 4141 subdivisionem
1614 4099 1793 4153 generis
1805 4099 2013 4142 constitui
2026 4130 2037 4150 ‚
2057 4098 2134 4141 sed
2153 4097 2380 4144 sectiones
2398 4098 2446 4142 sd
2459 4105 2532 4143 est

299 4154 324 4187 s
470 4156 547 4190 era
563 4148 781 4192 natur-slis
796 4145 982 4190 minime
1002 4145 1155 4202 video,
1172 4158 1277 4190 nam
1295 4146 1471 4192 habitus
1492 4151 1539 4194 in
1558 4151 1766 4195 omnibus
1784 4163 1902 4208 spec.
1927 4152 2193 4196 simillimus.
2216 4151 2236 4207 (
2253 4152 2386 4208 Alpb.
2401 4154 2487 4199 Dc.
2507 4152 2529 4207 )
