2808 4538
249 310 674 351 mmmm..
826 285 1436 359 BORRAGINEAE
1483 290 1741 379 (mom
1774 293 1932 380 m).
2115 260 2120 266 ’
2201 242 2213 252 ’
2363 297 2503 375 ,149

316 402 423 450 basi
450 409 720 452 retrorsum
744 400 881 465 apice
914 400 1140 465 adpresse
1166 404 1347 468 piloso,
1375 403 1510 452 foliis
1539 403 2024 472 piloso-subhispidis
2055 408 2306 463 sessilibus
2327 412 2500 461 oblon-

313 469 418 534 gis.
453 470 669 519 racemis
702 469 1012 528 ebracteatis,
1048 470 1231 533 calycis
1275 470 1402 518 lobis
1442 471 1672 536 oblongis
1712 474 2102 523 sericeo-villosis
2146 478 2346 525 corollm
2391 481 2499 528 tubi

314 537 659 601 longitudine,
686 535 884 584 nuculis
909 536 1076 599 calyce
1112 536 1553 601 sublongioribus?
1579 566 1635 573 —
1659 540 1717 588 In
1765 542 1900 603 agris
1945 542 2242 606 Abyssiniae.
2292 547 2495 595 Attente

315 620 429 653 cum
461 604 665 667 specim.
692 603 838 651 certis
863 602 924 652 C.
950 602 1249 652 Dioscoridis
1290 605 1571 668 comparavi
1609 610 1659 653 et
1699 607 1857 655 solum
1899 607 2033 657 foliis
2070 610 2370 659 radicalibus
2394 626 2495 661 non

316 672 569 734 petiolatis
593 670 788 719 differre
804 668 927 718 vidi.
961 670 1171 719 Fructus
1189 671 1371 719 maturi
1395 670 1620 733 equidem
1644 672 1851 734 desunt,
1879 673 1961 722 sed
1983 675 2205 739 juniores
2223 678 2490 727 simillimi.

317 739 463 787 Folia
480 746 538 787 ut
558 738 614 786 in
632 740 693 786 est
714 753 787 801 sp.
814 737 991 784 obtusa
1022 738 1101 785 vel
1143 738 1477 798 acutiuscula,
1503 738 1717 787 fornices
1749 740 1802 788 in
1836 740 2028 790 duabus
2069 749 2227 791 ovatae
2265 746 2496 810 margine

316 806 554 869 apiceque
570 804 756 853 inflexo
770 804 1038 868 papillosae.
1064 804 1223 868 Calyx
1244 805 1295 852 in
1333 820 1477 867 praes.
1515 805 1650 854 villis
1690 807 1838 869 paulo
1874 809 2186 872 longioribus
2223 811 2308 858 sed
2351 812 2405 859 in
2438 816 2497 861 eo

315 873 515 921 variant
559 872 885 935 cynoglossa.
908 870 1086 919 Filam.
1114 873 1383 920 staminum
1408 872 1573 920 minus
1606 872 1837 922 distincta
1867 875 1921 923 in
1947 875 2066 926 flore
2095 877 2199 924 obs.
2229 877 2311 925 sed
2335 872 2496 927 ‹liver-

320 938 441 1051 ἔξω
468 938 681 1068 minima
702 938 872 986 forsan
891 952 990 985 non
1011 944 1259 987 constans.
1291 940 1372 989 An
1403 953 1520 989 vere
1541 953 1614 1004 sp.
1650 939 1845 989 diversa
1867 939 1892 988 ?
1930 942 2111 1007 (Alph.
2138 942 2244 994 Dc.
2280 959 2329 992 v.
2364 960 2405 994 s.
2445 952 2496 996 et

355 1020 478 1055 secr.

256 1089 337 1136 13.
362 1089 417 1138 C.
438 1100 831 1137 mmmmm:
870 1086 1121 1148 (Hochsffl
1148 1090 1216 1152 pl.
1244 1088 1463 1154 Schimp.
1491 1090 1653 1154 abyss.
1676 1098 1792 1140 sect.
1822 1095 1870 1140 2.
1895 1108 1946 1141 n.
1976 1094 2104 1155 564)
2123 1129 2136 1153 ,
2165 1093 2304 1143 caule
2335 1102 2495 1144 erecto

319 1155 435 1219 pilis
456 1157 690 1205 brevibus
712 1154 998 1204 subreflexis
1032 1157 1319 1219 pubescente
1337 1192 1351 1218 ‚
1387 1156 1519 1206 foliis
1551 1158 2019 1220 subpubescentibus
2038 1195 2051 1219 ‚
2081 1160 2379 1209 radicalibus
2408 1163 2495 1210 ob—

318 1223 485 1288 longis
515 1224 675 1272 acutis
706 1222 760 1270 in
784 1222 1017 1285 petiolum
1046 1223 1253 1287 longum
1290 1224 1592 1288 angustatis,
1632 1224 1807 1273 mediis
1846 1227 1950 1275 basi
1979 1230 2258 1291 angustatis
2280 1228 2496 1278 breviter

320 1290 570 1354 petiolatis
585 1326 599 1350 ,
654 1289 986 1353 superioribus
1031 1290 1565 1354 subamplexicaulibus
1602 1291 1873 1354 mediisque
1916 1295 2236 1354 acuminatis,
2283 1296 2496 1344 racemis

323 1357 613 1406 ebracteatis
649 1356 759 1404 basi
794 1355 983 1404 foliosis
1020 1364 1108 1419 per
1144 1357 1368 1406 anthesin
1402 1359 1706 1406 abbreviatis
1720 1394 1732 1417 ‚
1774 1360 1960 1421 calycis
1991 1361 2327 1424 sub-G-partiti
2363 1362 2497 1411 lobia

320 1425 484 1473 ovatis
502 1422 832 1473 obtusissimis
854 1423 973 1472 tubo
994 1424 1193 1472 corollae
1225 1425 1499 1487 aequalibus
1521 1424 1868 1488 pedicellisque
1891 1427 2115 1489 adpresse
2137 1428 2323 1489 pilosis.
2353 1432 2412 1488 (ἓ)
2439 1429 2493 1477 in

322 1490 491 1539 media
508 1492 705 1555 regione
721 1489 968 1539 montium
993 1490 1291 1553 Abyssinioe.
1324 1491 1493 1540 Caulis
1513 1492 1885 1553 sesquipedalis,
1910 1492 1962 1539 in
1991 1508 2118 1555 spec.
2144 1493 2369 1556 simplex.
2399 1494 2492 1543 Fo-

323 1556 399 1604 lia
416 1557 652 1606 radicalia
666 1572 777 1606 cum
799 1557 1025 1620 petiolo4
1047 1557 1166 1620 poll.
1193 1558 1347 1621 longa
1361 1592 1375 1617 ‚
1406 1560 1490 1605 6-8
1512 1558 1603 1606 lin.
1640 1557 1745 1605 lata
1761 1593 1773 1615 ,
1802 1559 1982 1621 peticio
2003 1559 2216 1607 limbum
2237 1566 2490 1622 oequante;

320 1624 530 1673 caulina
544 1624 686 1672 infer.
712 1623 992 1687 submajora
1008 1658 1022 1685 ,
1051 1624 1202 1671 15-18
1228 1624 1320 1671 lin.
1343 1625 1471 1685 lata,
1495 1624 1722 1673 acumine
1742 1626 2043 1673 acutissimo.
2065 1626 2234 1674 Flores
2258 1626 2493 1674 coerulei?

320 1691 413 1739 3-4
443 1691 535 1739 lin.
557 1691 666 1739 lati.
692 1690 903 1739 Fructus
923 1691 1028 1754 ign.
1055 1690 1215 1740 Valde
1238 1690 1293 1740 C.
1320 1698 1558 1741 montano
1582 1689 1726 1739 affine
1749 1691 1918 1754 (Alph.
1946 1691 2048 1744 DC.
2075 1707 2124 1741 v.
2152 1708 2192 1741 s.
2219 1699 2268 1741 et
2291 1692 2491 1757 deson).

257 1774 337 1821 14.
378 1772 437 1824 C.
477 1786 778 1823 runcarms
813 1773 1021 1837 (Walm
1059 1774 1145 1821 list
1169 1789 1222 1823 n.
1257 1775 1356 1822 219
1389 1780 1438 1823 et
1469 1775 1522 1823 in
1543 1774 1705 1823 Roxb.
1740 1774 1792 1822 fl.
1831 1774 1932 1823 ind.
1960 1778 2009 1822 2.
2039 1791 2087 1839 p.
2129 1775 2219 1838 6),
2250 1775 2388 1823 caule
2415 1789 2494 1824 ra·

317 1855 457 1888 moso
483 1840 713 1905 adpresse
734 1842 1039 1904 pubescente,
1068 1841 1195 1903 pube
1213 1841 1265 1888 in
1290 1846 1428 1904 parte
1460 1841 1693 1889 inferiore
1717 1845 1939 1901 reversa,
1972 1841 2105 1891 foliis
2131 1843 2488 1906 glaucescenti-

318 1908 411 1955 bus
424 1907 653 1971 adpresse
676 1908 1071 1972 pubescentibus,
1090 1907 1391 1955 radicalibus
1404 1908 1653 1971 petiolatis
1675 1909 2117 1957 ovali-lanceolatis
2133 1910 2366 1973 utrinque
2379 1924 2492 1958 acu-

320 1975 411 2034 tis,
437 1975 653 2023 caulinis
699 1974 949 2023 sessilibus
981 1974 1314 2037 superioribus
1357 1975 1920 2038 semiamplexicaulibus
1953 1978 2111 2025 ovatis
2151 1976 2489 2036 subcordatis,

319 2043 524 2090 racemis
564 2042 831 2106 geminatis
868 2041 1138 2105 gracilibus
1169 2041 1460 2090 ebracteatis
1477 2077 1489 2100 ‚
1529 2040 1868 2090 secundifloris
1906 2043 2322 2092 sericeo-villosis.
2352 2043 2407 2099 Ἡ,
2436 2043 2489 2091 in

313 2108 523 2171 Nepalist
540 2108 793 2172 superiore
813 2108 1060 2170 (Walm),
1093 2107 1154 2155 ad
1173 2104 1393 2156 Suombu
1418 2108 1595 2171 (Ham.
1611 2108 1631 2172 )
1647 2134 1716 2145 --
1734 2109 1844 2158 Don
1869 2110 2035 2171 prodr.
2063 2110 2115 2158 fl.
2146 2124 2255 2173 nep.
2282 2125 2332 2173 p.
2369 2111 2486 2158 100.

323 2176 381 2224 C.
405 2176 673 2225 coeruleum
694 2174 846 2224 Ham.
872 2190 990 2223 mss.
1022 2174 1191 2223 Cauiis
1216 2173 1315 2222 fere
1336 2175 1585 2224 cubitalis.
1622 2174 1739 2225 Cor.
1764 2177 1979 2226 coerulea
1998 2178 2086 2239 (1).
2117 2178 2182 2239 (v.
2212 2177 2279 2239 s.)

257 2260 341 2308 1⁵.
379 2257 440 2308 C.
473 2271 846 2308 :nouam-mm
880 2257 1064 2322 (Desffl
1098 2263 1195 2307 cat.
1218 2257 1271 2306 h.
1298 2273 1403 2322 par.
1431 2259 1578 2308 1804.
1601 2275 1652 2323 Ρ.
1675 2261 1791 2307 220.
1814 2258 1948 2309 Poir.
1973 2260 2133 2325 suppl.
2163 2262 2213 2308 2.
2236 2275 2285 2324 p.
2319 2256 2485 2321 431),

321 2325 466 2374 caule
488 2341 679 2376 ramoso
704 2327 819 2390 pilis
836 2327 1113 2389 patentibus
1138 2326 1361 2389 hispido,
1396 2327 1604 2375 ramulis
1623 2327 1925 2390 racemisque
1939 2327 2225 2391 junioribus
2261 2325 2490 2389 adpresse

323 2395 717 2451 canescentibus,
745 2393 881 2441 foliis
912 2393 1199 2442 lanceolatis
1229 2394 1385 2442 acutis
1415 2394 1467 2441 in
1497 2394 1732 2456 petiolum
1755 2394 1857 2442 fere
1882 2394 2146 2443 attenuatis
2171 2393 2491 2441 denticulatis

324 2459 475 2509 hirtis
497 2461 669 2510 subtus
696 2460 1007 2509 molliuscule
1033 2460 1201 2524 pilosis
1224 2460 1785 2519 subtrinervio-villosis,
1813 2461 2025 2509 racemis
2052 2460 2358 2519 ebracteatis‚
2389 2459 2484 2507 cal.

321 2528 450 2576 lobis
484 2531 640 2576 oratis
677 2528 871 2578 obtusis
903 2527 1138 2576 corollam
1174 2527 1597 2590 subsequentibus.
1623 2523 1697 2627 ᾧ
1727 2528 1781 2576 in
1834 2527 1992 2576 Indiae
2023 2529 2198 2577 orient.
2241 2525 2492 2574 rudentis

319 2610 471 2659 prope
494 2595 729 2644 Calcutta
756 2593 972 2657 (Roxb.)
998 2630 1010 2652 ‚
1046 2594 1099 2641 in
1129 2593 1458 2643 Hindostania
1479 2593 1736 2657 (Wall..),
1765 2593 1828 2641 ad
1852 2594 2133 2643 Mussooree
2150 2600 2202 2642 et
2221 2593 2491 2642 Saharum-

318 2676 437 2725 pore
476 2662 697 2725 (Royl.).
725 2661 784 2710 C.
811 2675 1074 2709 canescens
1101 2660 1269 2710 Willd.
1293 2675 1459 2709 enum.
1489 2661 1514 2709 1
1540 2661 1729 2724 (1809).
1759 2676 1809 2724 p.
1843 2663 1957 2709 180.
1981 2661 2151 2710 Wall.l
2176 2660 2265 2709 list
2286 2675 2338 2707 n.
2369 2661 2486 2707 918.

318 2743 372 2777 n.
405 2730 455 2777 1.
480 2729 606 2791 Cyn.
631 2729 883 2777 hirsutum
903 2727 1045 2790 Jaoq.
1083 2728 1135 2776 h.
1162 2727 1425 2776 Schoenbr.
1456 2729 1505 2776 4.
1537 2733 1574 2775 t.
1603 2728 1728 2785 489,
1756 2743 1855 2776 non
1887 2727 2085 2776 Thunb.
2113 2728 2239 2791 Cyn.
2269 2739 2488 2775 racemo-

320 2811 431 2844 sum
458 2796 621 2845 Roxb.
652 2795 708 2844 fl.
738 2794 843 2844 ind.
866 2797 915 2842 2.
940 2810 988 2857 Ρ.
1017 2797 1066 2843 6.
1093 2791 1219 2858 Cyn.
1247 2795 1493 2843 hirsutum
1523 2799 1571 2841 et
1592 2792 1782 2841 hirtum
1811 2794 1998 2842 hortul.
2028 2793 2144 2843 Cor.
2168 2808 2335 2857 parvae
2363 2793 2492 2841 albat

320 2860 762 2912 caeruleo-suffusae
780 2898 792 2922 ‚
825 2861 887 2911 ad
906 2862 1096 2910 faucem
1120 2862 1489 2925 subpurpureae.
1515 2860 1724 2909 Nuculae
1740 2859 1826 2908 vix
1849 2860 2033 2909 lineam
2049 2861 2216 2925 longae
2237 2866 2490 2909 ovato-ro-

320 2929 489 2979 tundae
520 2931 906 2993 suboompressae
932 2927 1149 2991 undique
1166 2928 1412 2980 echinatae
1442 2927 1512 2993 (2)
1541 2928 1608 2993 (v,
1635 2941 1683 2975 ν.
1705 2932 1755 2976 et
1781 2942 1821 2976 s.
1848 2927 1965 2992 sp.).

262 3026 340 3074 16.
362 3027 418 3076 C.
444 3039 806 3076 renota-nm
825 3025 995 3091 (Alph.
1025 3025 1171 3090 DQ),
1203 3026 1344 3074 caule
1366 3033 1527 3074 erecto
1547 3039 1741 3072 ramoso
1765 3022 2121 3089 glabriusculo,
2144 3021 2279 3071 foliis
2303 3020 2491 3071 acumi-

321 3093 454 3143 natis
481 3095 798 3152 lanceolatis,
830 3091 1131 3141 radicalibus
1154 3092 1208 3141 in
1239 3093 1474 3157 petiolum
1502 3094 1710 3155 longum
1737 3091 2029 3149 attenuatis,
2063 3089 2274 3138 caulinis
2305 3088 2491 3136 sessili-

320 3161 442 3220 bus,
470 3163 716 3224 supremis
748 3158 1215 3210 ovato-acuminatis
1236 3161 1463 3219 remotis,
1501 3158 1710 3208 racemis
1732 3173 1795 3208 ex
1826 3158 1994 3207 axillis
2021 3156 2255 3205 soliorum
2276 3155 2496 3218 superio-

322 3242 436 3276 rum
459 3229 705 3292 elongatis
727 3227 1037 3275 nudiusculis
1055 3261 1068 3286 ‚
1094 3225 1345 3290 pedicellis
1368 3227 1536 3290 calyce
1557 3226 1864 3274 brevioribus
1879 3262 1891 3285 ,
1920 3224 2104 3288 calycis
2123 3223 2346 3287 5-partiti
2363 3221 2494 3268 lobis

323 3295 480 3342 ovatis
496 3329 511 3353 ‚
538 3294 879 3345 tubocorollae
901 3293 1216 3357 longitudine
1240 3294 1427 3357 calycis
1444 3328 1456 3351 ‚
1483 3293 1635 3342 limbo
1659 3292 1808 3357 plano
1828 3294 1992 3357 amplo
2012 3291 2284 3340 fornicibus
2306 3287 2496 3337 saucia—

323 3359 457 3409 libus
476 3362 825 3425 emarginatis‚
849 3360 1149 3425 genitalibus
1167 3360 1374 3409 inclusis
1391 3395 1404 3420 ,
1433 3361 1647 3409 nuo-ulis.
1690 3394 1702 3408 .
1744 3395 1758 3410 .
1802 3394 1814 3407 .
1852 3360 1904 3422 'IL
1938 3375 1966 3409 e
1990 3358 2198 3422 Nepaliss
2229 3357 2286 3405 in
2309 3356 2363 3404 h.
2384 3356 2493 3404 bot.

324 3426 501 3492 Glasg.
532 3427 728 3477 indrod-
757 3427 993 3477 Auchusa
1025 3427 1260 3492 petiolata
1288 3427 1454 3476 Hook.
1482 3428 1586 3476 bot.
1624 3441 1758 3491 mag.
1789 3434 1828 3475 t.
1857 3429 2006 3476 3858.
2032 3426 2176 3475 Folia
2207 3423 2361 3473 radic.
2399 3424 2498 3470 5-6

323 3494 444 3557 poll.
477 3496 633 3560 longa
652 3510 717 3544 ex
744 3495 811 3544 ic.
836 3494 1030 3558 glabra,
1066 3495 1244 3558 peticio
1267 3495 1480 3543 limbum
1503 3496 1838 3556 subaequante,
1865 3494 2087 3553 caulina,
2116 3508 2179 3541 ex
2200 3492 2266 3541 io.
2301 3489 2494 3540 ciliata.

318 3559 554 3618 Pedicelli
578 3560 981 3610 extra-axillares
998 3569 1110 3623 post
1127 3561 1354 3610 anthesin
1376 3561 1566 3609 reflexi.
1592 3560 1794 3611 Corona
1813 3561 2025 3611 coerulea
2043 3599 2055 3620 ‚
2081 3574 2144 3612 ex
2167 3559 2232 3609 ic.
2254 3557 2500 3607 diametro

327 3628 531 3677 5-6-lin.
561 3628 778 3679 Habitus
810 3628 1012 3678 omnino
1031 3628 1087 3678 C.
1110 3627 1447 3693 Edgeworthii
1468 3635 1518 3679 ot
1539 3627 1783 3677 affinium.

338 3819 381 3870 ι)
408 3818 488 3861 mc
508 3818 654 3863 refero
673 3819 855 3874 cynogl.
875 3818 921 3862 h.
944 3819 1118 3875 Edgcw.
1141 3831 1185 3863 n.
1210 3825 1314 3874 389,
1335 3825 1439 3876 393,
1466 3825 1544 3865 308
1566 3831 1620 3863 ex
1637 3819 1903 3882 Himelayab.
1926 3817 2004 3870 (Al
2037 3817 2081 3860 h.
2100 3818 2185 3861 DC.

333 3873 381 3924 2)
411 3871 594 3928 Cuming
613 3879 624 3916 !
646 3885 691 3917 n.
724 3877 821 3917 13⁴1
847 3883 872 3914 e
890 3872 1152 3928 Philippinis
1168 3904 1179 3925 ,
1200 3874 1392 3928 Edgew.!
1435 3874 1478 3916 h.
1505 3886 1547 3916 n.
1569 3876 1644 3917 387
1667 3883 1691 3916 e
1711 3872 1880 3924 Pumab
1896 3904 1907 3923 ‚
1928 3871 1999 3912 Sir
2030 3870 2122 3914 ind.
2142 3873 2188 3913 C.
2250 3869 2503 3913 accolatum

261 3926 443 3968 nochat.
464 3924 511 3967 in
526 3926 583 3979 pl.
605 3926 814 3981 Schimp.!
834 3925 1018 3969 adoens.
1041 3939 1085 3969 n.
1107 3933 1201 3977 297.
1223 3939 1305 3970 nec
1325 3939 1414 3970 non
1434 3928 1824 3981 Echinospermum
1841 3924 2140 3979 paniculatum
2155 3925 2202 3966 B.
2225 3927 2291 3967 Me
2323 3928 2351 3966 Α
2373 3923 2419 3965 in
2441 3921 2501 3977 pl.

346 4013 357 4023 .
380 3978 468 4022 Dte
540 3980 635 4023 sine
655 3991 779 4023 num.
801 3980 857 4022 ad
876 3979 1063 4024 eandem
1084 3980 1327 4034 pei-fiuent,
1348 3987 1394 4024 et
1420 3980 1520 4023 ideo
1555 3979 1702 4023 forsan
1737 3980 1900 4032 plantoe
1926 3978 2078 4020 For-sk.
2099 3977 2222 4021 vahl.
2254 3979 2287 4019 ‘l'
2324 3976 2428 4020 unb.
2460 3981 2505 4017 et

263 4035 324 4076 Le
356 4044 417 4077 m.
535 4044 654 4076 nom.
676 4036 722 4077 C.
740 4033 970 4076 lanceolati
1001 4032 1232 4088 descripta·
1267 4045 1422 4077 omnes
1443 4039 1519 4075 aut
1547 4044 1629 4087 pro
1657 4037 1782 4087 parte
1809 4031 1881 4073 hic
1915 4029 2174 4091 referendae:
2203 4028 2364 4072 conset·
2382 4026 2438 4090 ad
2455 4029 2502 4070 G.

264 4085 575 4129 lanceolatum.
600 4090 652 4129 ln
672 4097 791 4140 spec.
812 4086 956 4129 schim
989 4098 1063 4137 εις
1092 4086 1195 4129 folia
1215 4088 1322 4131 utin
1343 4087 1589 4130 mim-autho
1602 4096 1794 4139 superne
1816 4082 2051 4126 tuberculis
2085 4082 2196 4144 albis
2226 4083 2328 4136 plus
2354 4089 2504 4139 munus

267 4140 871 4247 ἓξὲξῗῧΐᾚθὲῧῖἷὲ
886 4140 1323 4249 Ἕὲἑέρῖἰῖᾞὲιῗῗ
1334 4140 1769 4237 ”ῑ““’ἓῖἑῑιὲἒίῑιῖὶὶὲῗ.ῗ
1783 4131 2337 4243 {3⁰Ssseffl5120‘1083133ss352
2367 4140 2504 4227 mii?

477 4226 488 4238 .
675 4225 685 4235 .
876 4224 886 4236 .
1198 4207 1206 4216 ·
1242 4209 1250 4222 ·
1271 4207 1293 4236 s
1326 4207 1366 4248 μ.
1390 4205 1440 4237 sc
2022 4219 2033 4232 .
2192 4218 2201 4230 .
2373 4216 2383 4227 ·
