2808 4538
1190 70 1205 101 Χ

200 266 681 309 manoe-aurun.
729 244 1339 311 BORRAGINEAE
1387 247 1629 334 (Aneros
1652 260 1845 310 ALPH.
1871 249 2028 334 DC.).
2306 245 2435 311 145

266 358 299 435 ⁴}
328 357 421 405 lin.
456 358 668 422 longus,
695 359 879 408 aculeis
903 359 1072 423 paucis
1095 358 1270 407 validis
1292 360 1461 424 calyce
1482 368 1673 410 acerete
1693 360 2106 411 subbrevioribus.
2130 359 2214 423 (v.
2242 375 2284 408 s.
2313 376 2344 409 a
2366 361 2432 410 cl.

266 438 369 471 mv.

330 425 393 577 β.)
405 508 748 568 Kocschyunum
765 545 776 567 ,
800 507 1052 572 pedicellis
1071 506 1191 556 folio
1210 508 1461 573 oppositis.
1482 510 1626 559 Circa
1642 509 1787 574 Alep.
1805 509 2239 589 Echinospermum
2257 509 2441 589 pachy-

401 571 591 636 podum
617 574 835 624 Heben.l
863 576 933 639 pl.
969 573 1190 639 Kotschy
1234 590 1287 622 n.
1327 577 1424 625 142
1449 590 1509 624 ex
1540 577 1646 625 obs.
1680 578 1745 627 cl.
1771 576 1929 626 Boiss.
1955 594 2007 626 m
2036 577 2085 625 h.
2123 576 2225 627 Dc.
2259 577 2442 628 Omma

402 638 592 689 similia
621 642 747 701 vidi,
776 650 951 706 praeter
989 641 1127 689 char.
1168 641 1387 702 dictum,
1413 643 1467 692 in
1506 643 1671 692 eadem
1719 644 1889 708 planta
1917 644 1984 694 Η.
2022 643 2316 694 Szovitziani
2356 661 2441 694 va-

402 706 637 756 riantem.
667 708 839 773 (Alph.
860 709 964 758 DC.
991 725 1041 757 v.
1070 710 1136 770 s.)

204 789 255 837 4.
291 788 723 841 Szovnznnmt
748 791 927 856 (Alph.
958 791 1084 851 DC.)
1104 824 1116 847 ‚
1143 791 1283 839 caule
1304 798 1463 841 erecto
1488 792 1716 855 foliisque
1743 792 1857 856 pilis
1877 793 2163 858 patentibus
2190 792 2400 857 hispidis
2421 829 2434 854 ,

273 855 408 903 soliis
426 856 955 919 lineari-acuminatis,
979 857 1233 923 pedicellis
1262 859 1550 908 lateralibus
1567 861 1642 907 vel
1668 860 2011 923 oppositifoliis
2035 859 2265 909 floriferis
2286 860 2445 925 longi-

273 920 446 971 tudine
480 925 669 989 calycis
695 925 892 975 demum
917 924 1161 989 elongatis
1192 925 1360 989 calyce
1397 934 1516 975 tune
1548 934 1739 975 acerete
1776 927 2088 991 longioribus
2127 928 2440 987 incrassatis,

276 989 447 1052 calyce
481 989 706 1043 florifero
753 993 992 1043 corollam
1045 998 1268 1055 aequante
1292 1027 1305 1051 ,
1350 994 1550 1042 nuculis
1597 992 1983 1057 heteromorphis
2037 993 2171 1042 disco
2212 995 2445 1058 elongato

276 1057 469 1105 minute
485 1059 788 1109 muriculato
808 1059 1118 1125 marginibus
1140 1060 1173 1105 2
1196 1061 1528 1123 oppositarum
1551 1060 1697 1108 alatis
1717 1060 1796 1108 alil
1819 1068 2000 1109 remote
2020 1061 2244 1110 aculeata
2265 1064 2297 1108 2
2319 1062 2445 1109 alia-

278 1136 389 1170 rum
432 1126 691 1176 mulcatis.
733 1122 808 1195 OE)
843 1127 898 1176 in
940 1125 1108 1174 Persia
1153 1132 1275 1190 sept.
1308 1126 1369 1174 ad
1414 1128 1663 1190 margines
1710 1141 1959 1190 agrorum.
2009 1126 2446 1192 Echinospermum

277 1188 648 1242 Saevitzianum
674 1193 860 1243 Finem
886 1200 937 1242 et
954 1193 1086 1256 Moy.
1114 1191 1221 1240 ind.
1245 1196 1278 1240 2
1301 1207 1425 1241 sem.
1450 1193 1502 1241 h.
1526 1198 1713 1257 petrop.
1747 1195 1894 1242 1835.
1916 1210 1965 1258 p.
1991 1198 2075 1243 36.
2103 1194 2264 1243 Radix
2283 1194 2443 1244 exilis.

280 1256 456 1306 Csulis
490 1259 546 1308 in
585 1259 789 1324 specim.
831 1261 1008 1324 5·p011.
1055 1259 1161 1306 basi
1204 1259 1431 1323 simplex.
1469 1261 1609 1309 Folia
1635 1264 1716 1308 6-9
1740 1260 1830 1308 lin.
1870 1261 2049 1323 longa,
2078 1262 2164 1309 1-2
2187 1261 2279 1310 lin.
2324 1262 2443 1310 lata.

278 1322 481 1373 Coran
501 1327 719 1377 coerulea
741 1328 800 1390 1}
832 1327 927 1376 lin.
962 1327 1135 1391 longa.
1173 1326 1408 1376 Pedicelli
1431 1326 1618 1375 fruetis.
1645 1327 2024 1391 semipollicares
2040 1362 2053 1388 ‚
2081 1327 2197 1391 pilis
2220 1335 2280 1377 ut
2297 1329 2353 1377 in
2375 1329 2442 1377 H.

281 1389 577 1455 pachypcdo
615 1393 875 1458 adpressis.
907 1394 1118 1443 Fructus
1141 1393 1298 1460 43⁵⁸·
1340 1395 1548 1459 longus,
1595 1394 1795 1443 omnino
1828 1395 1894 1443 Η.
1929 1394 2210 1458 pachypodi
2245 1395 2329 1443 sed
2364 1395 2451 1443 ubi

281 1455 421 1504 linea
440 1458 681 1509 intensius
704 1460 926 1511 colorata
953 1459 1256 1507 nitidissima
1278 1461 1406 1509 inter
1428 1460 1635 1508 nuculas
1658 1475 1684 1507 e
1708 1460 1838 1523 stylo
1861 1461 2104 1524 originem
2124 1460 2298 1509 ducere
2318 1461 2452 1510 vide·

284 1527 393 1581 tur,
415 1525 545 1586 quod
562 1526 725 1577 forsan
740 1526 1038 1577 inomnibus
1056 1527 1307 1589 speciebus
1326 1542 1442 1593 gen.
1466 1526 1639 1589 (Alph.
1663 1526 1770 1576 DC.
1793 1542 1840 1574 v.
1863 1543 1906 1575 s.
1929 1540 1959 1574 a
1975 1526 2042 1574 cl.
2061 1526 2228 1575 Fisoh.
2248 1527 2452 1590 comm.)

215 1607 267 1652 5.
306 1606 379 1655 H.
420 1619 667 1659 mmmm
689 1610 861 1675 (Alph.
883 1610 1011 1669 Dc.)
1031 1644 1045 1668 ,
1074 1611 1217 1660 caule
1247 1617 1408 1659 erecto
1441 1624 1636 1659 ramoso
1659 1610 1888 1673 foliisque
1907 1609 2023 1673 pilis
2044 1609 2327 1671 patentibus
2350 1609 2453 1658 his-

284 1672 423 1737 pidis
441 1709 457 1734 ,
503 1675 638 1726 foliis
671 1676 1156 1727 lineari-lanceolatis
1171 1712 1185 1738 ‚
1226 1676 1481 1740 pedioellis
1514 1676 1854 1739 oppositifoliis
1888 1676 2154 1724 fructiferis
2177 1674 2457 1739 patentibus

280 1739 467 1804 rigidis
500 1742 783 1794 incrassatis
814 1745 981 1809 calyce
1016 1749 1135 1792 tunc
1170 1750 1360 1792 mereto
1394 1743 1700 1807 longioribus
1740 1742 1856 1805 pilis
1896 1742 2139 1806 adpressis
2176 1742 2456 1806 patulisque

280 1805 492 1859 hirsutis
509 1845 525 1870 ,
552 1812 753 1861 nuculis
772 1810 1159 1873 heteromorphis
1188 1811 1357 1875 calyce
1391 1808 1758 1873 subsequalibus
1781 1844 1795 1866 ‚
1841 1808 1977 1858 diseo
1999 1810 2230 1875 elongato
2272 1810 2457 1858 aculeis

288 1874 396 1923 basi
419 1891 555 1928 nunc
578 1878 823 1928 distinctis
844 1893 979 1927 nunc
1001 1876 1222 1926 dilatatis
1247 1884 1295 1925 et
1318 1876 1636 1926 subconnatis
1658 1876 1839 1936 cincto,
1866 1884 2007 1925 extra
2025 1877 2220 1926 aculeos
2236 1876 2456 1924 muricu-

284 1941 415 2000 lwo,
452 1945 588 1993 intra
631 1945 792 1994 medio
829 1945 1001 2001 carin&
1033 1945 1308 1993 aculeolatfl
1346 1959 1606 2007 percurso,
1642 1949 1874 1991 caeterum
1912 1943 1997 1991 ubi
2046 1944 2202 1992 aculei
2237 1942 2455 1992 distincti

286 2007 612 2072 muriculam,
626 2012 713 2061 ubi
728 2011 946 2061 distincti
965 2011 1077 2059 laevi
1088 2018 1137 2060 et
1148 2011 1325 2060 latiore
1333 2011 1437 2059 basi
1449 2009 1664 2059 connati.
1706 2006 1752 2063 Γ
1769 2010 1820 2058 in
1836 2009 2016 2059 Sibiris
2030 2010 2208 2059 altaicss
2219 2025 2293 2059 or.
2309 2010 2450 2073 (Kar.

289 2080 340 2122 et
360 2074 484 2125 Kir!
526 2094 752 2128 exnum.
782 2079 909 2128 1751
936 2077 1077 2126 herb.
1107 2093 1208 2127 soc.
1232 2077 1352 2142 imp.
1394 2092 1547 2125 mosc.
1597 2077 1710 2124 sebe
1745 2078 1829 2124 ulfi
1866 2077 2139 2141 originaria
2171 2078 2255 2125 ubi
2289 2076 2455 2125 forsan

290 2156 469 2192 nomeu
500 2159 665 2196 errore
683 2146 737 2195 in
765 2146 905 2194 herb.
930 2150 1099 2194 nostro
1123 2145 1343 2205 amissit).
1359 2144 1530 2193 Caulis
1550 2143 1810 2207 8-lo-pou.
1839 2144 1982 2192 Folia
2006 2146 2130 2192 6-12
2151 2145 2245 2192 lin.
2269 2144 2447 2208 longa,

294 2208 387 2255 1-2
419 2209 513 2258 lin.
548 2213 675 2275 lata,
724 2213 977 2262 subacuta.
1010 2211 1123 2261 Flos
1162 2211 1268 2277 ign.
1306 2210 1542 2261 Pedicelli
1579 2209 1768 2259 fructif-
1805 2213 1887 2258 5-6
1921 2211 2012 2259 lin.
2051 2211 2209 2276 longi.
2249 2210 2457 2260 Fructus

290 2275 329 2322 4
350 2276 442 2327 lin.
471 2278 667 2345 longus.
686 2279 856 2334 Nuces
883 2279 1029 2329 lineis
1055 2279 1260 2327 laevibus
1282 2277 1576 2342 (stylopodii
1603 2278 1840 2343 angulis)
1865 2277 2134 2342 interjectas
2152 2314 2164 2338 ,
2192 2277 2455 2327 admodum

291 2340 500 2394 diversa
528 2347 579 2395 in
601 2349 707 2398 eod.
736 2349 901 2397 fructu
922 2354 971 2396 et
995 2349 1092 2395 una
1112 2344 1357 2396 interdum
1386 2345 1684 2404 abortiente‚
1713 2344 1909 2394 latiores
1927 2346 2135 2394 rariores
2172 2351 2339 2394 centro
2377 2361 2456 2394 ca-

292 2408 408 2458 rinss
431 2417 627 2477 excepta
647 2416 795 2464 laeves
819 2414 1042 2478 margine
1061 2414 1319 2461 subalatae.
1347 2413 1523 2462 Aculei
1555 2427 1723 2461 omnes
1755 2413 1890 2476 apice
1952 2412 2205 2461 lochidiati
2228 2419 2276 2460 et
2297 2412 2456 2475 pellu-

293 2476 423 2537 cidi,
452 2479 555 2610 b3si
580 2488 636 2531 ut
667 2484 722 2531 in
744 2481 884 2531 affin.
912 2480 1154 2546 rugulosi.
1183 2477 1370 2544 (Alph.
1398 2479 1502 2529 DC.
1533 2494 1596 2528 ex
1618 2495 1749 2543 spec.
1790 2480 1852 2527 ab
1889 2429 1964 2528 iff.
2001 2494 2100 2528 soc.
2139 2480 2261 2543 imp.
2300 2493 2454 2526 mose.

292 2559 474 2594 comm.

225 2631 275 2675 6.
314 2628 380 2677 Η.
419 2630 965 2695 mwGA181(Alph.
990 2629 1145 2693 Dc.)‚
1187 2627 1302 2692 pilis
1329 2626 1595 2677 rarissimis
1627 2627 1873 2691 adpressis
1910 2627 1974 2676 ad
2003 2628 2279 2692 marginem
2314 2628 2459 2677 folie—

288 2708 400 2745 rnm
423 2696 651 2747 loborum
687 2698 870 2762 calycis
891 2704 940 2747 et
973 2696 1035 2747 ad
1064 2695 1328 2761 pedicellos
1359 2695 1600 2758 pilosum,
1629 2701 1858 2743 caeterum
1904 2695 2150 2758 glabrum,
2179 2696 2318 2743 caule
2339 2696 2460 2743 sim-

293 2764 411 2826 plici
435 2765 513 2813 vel
535 2780 746 2830 superne
766 2763 916 2813 bifido
931 2799 943 2822 ‚
964 2763 1097 2813 foliis
1118 2763 1288 2827 paucis
1311 2761 1539 2826 oblongis
1565 2761 1815 2810 sessilibus
1841 2762 2225 2810 membranaceis
2247 2762 2463 2824 superio-

292 2830 432 2879 ribus
460 2833 640 2892 acutis,
680 2831 930 2896 pedicellis
965 2829 1253 2880 lateralibus
1289 2828 1554 2878 fructiferis
1582 2828 1864 2890 patentibus
1891 2828 2145 2876 subcurvis
2177 2829 2465 2878 incrassatis

292 2898 461 2961 calyce
483 2898 637 2963 triplo
665 2898 1001 2963 longioribus,
1041 2896 1241 2946 nuculis
1277 2895 1420 2944 valde
1464 2893 1851 2956 heteromorphis
1874 2893 1928 2941 in
1960 2894 2128 2943 eodem
2159 2895 2351 2943 fructu:
2379 2901 2466 2943 aut

294 2964 429 3013 disco
446 2966 624 3014 carina
645 2965 916 3015 aculeolaffi
936 2978 1184 3029 percurso,
1213 2962 1436 3026 margine
1458 2961 1642 3011 aculeis
1653 2961 1761 3010 basi
1780 2960 2004 3009 connatis
2026 2962 2136 3023 plus
2155 2961 2321 3008 minus
2341 2961 2464 3008 dila-

295 3032 412 3080 tatis
431 3033 597 3081 cincto
611 3067 625 3092 ,
649 3032 777 3081 inter
798 3033 1071 3096 marginem
1094 3038 1145 3079 et
1163 3029 1384 3078 carinam
1403 3028 1515 3077 laevi
1530 3065 1543 3089 ,
1569 3035 1710 3078 extra
1731 3027 2006 3091 marginem
2027 3026 2323 3075 muriculato
2344 3044 2356 3086 3
2380 3033 2466 3077 aut

296 3099 524 3163 margine
542 3099 809 3162 carinflque
826 3098 947 3147 disci
959 3098 1143 3147 aculeis
1159 3096 1265 3144 basi
1281 3095 1531 3144 distinctis
1549 3094 1804 3153 echinatis‚
1821 3093 2098 3155 aculeisque
2120 3093 2362 3142 similibus
2381 3092 2461 3142 in-

295 3170 368 3213 ter
384 3165 667 3229 marginem
692 3171 742 3214 et
762 3165 981 3214 carinam
997 3200 1010 3224 ‚
1061 3162 1328 3214 tuberculis
1363 3169 1505 3211 extra
1523 3162 1827 3226 marginem3
1869 3167 1955 3208 aut
1983 3157 2165 3208 aculeis
2189 3159 2315 3207 inter
2336 3176 2465 3208 mar-

294 3232 464 3296 ginem
485 3241 535 3281 et
558 3233 781 3281 carinam
803 3231 1137 3290 brevioribus,
1172 3228 1361 3279 caeteris
1400 3229 1672 3288 similibus3
1701 3235 1788 3277 aut
1817 3227 2015 3276 tandem
2038 3225 2171 3274 disco
2203 3226 2467 3275 muricato-

295 3298 470 3361 piloso,
498 3301 687 3349 aculeis
706 3299 1070 3365 marginalibus
1093 3296 1357 3346 distinet-is.
1380 3292 1455 3364 Q)
1473 3296 1524 3343 in
1550 3295 1788 3344 montosis
1819 3294 1998 3357 apricis
2021 3293 2290 3358 Songoriae.
2317 3294 2466 3343 Echi-

295 3380 613 3430 nospermum
634 3367 924 3431 laevigatum
946 3366 1069 3415 Kar.
1096 3371 1147 3413 et
1160 3363 1289 3412 Kir.!
1312 3363 1381 3426 pl.
1409 3378 1512 3411 exs.
1532 3364 1593 3411 ab
1609 3362 1684 3410 ill.
1708 3377 1806 3411 soc.
1829 3361 1950 3426 imp.
1989 3377 2145 3424 mosq.
2174 3376 2352 3409 comm.
2377 3362 2468 3411 sub

298 3447 350 3479 n.
381 3434 728 3484 1756.can1es
750 3432 1090 3490 eroetiuseuli,
1118 3430 1321 3488 debiles,
1348 3430 1577 3493 5-8-9011.
1598 3429 1738 3479 Folia
1764 3430 1889 3477 6-12
1915 3428 2007 3477 un.
2035 3429 2214 3493 longa,
2251 3418 2465 3478 3-41111.

289 3498 414 3547 lata.
436 3499 677 3550 Pedicelli
701 3503 784 3548 6-9
821 3500 913 3548 lin.
937 3498 1097 3566 longi.
1126 3497 1337 3547 Fructus
1381 3498 1470 3544 3-4
1503 3497 1597 3545 lin.
1628 3497 1831 3566 lpngus.
1867 3495 2080 3545 Nuculae
2121 3496 2280 3544 solum
2310 3496 2471 3546 medio

293 3566 613 3628 pubescentes
642 3566 1024 3630 frequentiores,
1052 3565 1218 3614 forsan
1244 3564 1409 3612 minus
1491 3563 1675 3612 rfectae.
1699 3563 1902 3628 Insigne
1919 3563 2195 3627 exemplum
2214 3562 2470 3627 Polymor-

299 3632 432 3696 phin
453 3632 884 3699 generis1(Alph.
910 3633 1016 3684 Dc.
1044 3647 1096 3680 v.
1118 3646 1160 3680 s.
1185 3637 1237 3681 et
1258 3631 1416 3679 deser.

228 3748 337 3799 XL.
374 3749 727 3802 ASPERUGO
755 3753 928 3800 Toum.
948 3756 1060 3798 inst.
1077 3750 1197 3799 135.
1224 3758 1260 3797 t.
1287 3750 1374 3796 54.
1393 3747 1528 3796 Lina.
1545 3764 1647 3809 qen.
1673 3765 1726 3796 π.
1753 3749 1869 3796 189.
1894 3748 2023 3796 an.
2048 3752 2123 3796 511.
2150 3757 2183 3795 e.
2208 3750 2291 3795 94.
2314 3750 2473 3796 Lehm.

293 3832 399 3877 asp.
422 3835 474 3878 p.
500 3821 618 3867 208.
645 3819 785 3865 Schk.
811 3827 848 3865 t.
882 3819 964 3867 31.
998 3818 1166 3865 Wallr.
1196 3819 1345 3865 sched-
1368 3831 1422 3876 p.
1448 3817 1533 3863 79.
1560 3818 1734 3877 Spsmz.
1763 3819 1815 3862 in
1840 3830 1945 3875 yon.
1981 3819 2051 3875 pl.
2084 3817 2135 3879 fl.
2172 3831 2318 3875 amn.
2350 3822 2471 3878 fasc.

301 3884 392 3932 17.
416 3900 462 3933 c.
490 3889 547 3933 ic.
581 3886 722 3934 final.
749 3899 858 3945 oen.
881 3900 934 3931 n.
959 3887 1111 3934 3785.

301 4014 472 4089 Calyx
496 4032 596 4089 per
617 4015 875 4072 anthesin
902 4015 1166 4087 profunde
1195 4014 1395 4071 &fidus
1412 4057 1425 4076 .
1462 4013 1602 4070 lobis
1627 4013 1941 4070 lanceolatis
1966 4011 2084 4069 basi
2119 4011 2480 4066 sinuato-den·

231 4086 380 4155 tatis,
399 4094 593 4159 postea
607 4087 775 4144 valde
792 4101 880 4142 am
922 4086 1081 4143 liatus
1096 4102 1214 4143 com
1258 4099 1439 4142 ressus
1464 4086 1712 4153 bivalvis,
1736 4084 1905 4141 valvis
1927 4083 2051 4138 latis
2075 4098 2106 4136 ο
2182 4081 2346 4148 ositis,
2372 4080 2477 4136 alia

233 4159 309 4227 6-,
337 4157 515 4216 altera
537 4156 899 4214 ''l-dentato-lo
973 4159 1047 4216 ta.
1070 4158 1190 4215 Cor.
1218 4103 1557 4229 fongitudine
1582 4155 1802 4228 calycis,
1835 4099 2143 4210 subinfundi
2179 4150 2471 4217 unser-mis,

418 4276 489 4321 x.
2129 4245 2213 4307 10
