2808 4538
345 297 477 364 216
895 247 1294 366 DIcoTYL.
1347 320 1462 364 sau
1505 289 1994 363 ExoGENAE.
2163 319 2571 360 cmm

412 411 641 460 omnibus
673 412 916 473 contenit,
948 427 1071 476 quss
1100 426 1269 461 omnes
1293 409 1369 461 ill.
1411 417 1544 460 auct.
1569 410 1903 460 verisimiliter
1928 411 2019 460 sub
2037 410 2094 462 0.
2127 412 2318 461 sumtu
2341 413 2436 459 sun
2455 426 2574 461 con-

407 478 598 541 junxit.
637 478 705 543 (v.
736 479 799 541 s.)

346 562 427 608 64.
467 561 522 609 C.
561 572 902 610 mvuucs‘n
921 555 1136 625 (HumB.
1161 561 1220 610 B.
1250 567 1299 616 et
1321 560 1495 610 Kunth
1516 575 1630 610 nov.
1657 573 1770 625 gen.
1796 566 1848 609 et
1878 577 1950 625 sp.
1980 565 2030 609 2.
2071 577 2121 626 Ρ.
2150 563 2304 624 381),
2338 560 2580 612 hethaeos

410 627 506 690 (vel
528 623 893 688 suffruticcsa‘P)
914 628 1163 688 volubilis,
1190 628 1342 677 ramis
1363 627 1647 676 divaricatis
1665 628 1869 692 glabris,
1897 625 2030 676 foliis
2048 629 2207 678 ovatio
2223 628 2386 678 acufis
2409 643 2579 693 groese

410 696 832 743 erenum-serratis
861 694 969 743 basi
1003 695 1217 744 cordatis
1248 694 1436 759 glabris
1467 694 1547 743 vel
1576 695 1749 743 subtus
1767 694 1821 742 in
1856 694 1993 745 venis
2016 696 2268 758 puberulis
2287 729 2302 755 ,
2341 696 2579 758 panicula

406 761 580 810 foliata
599 762 1087 827 piloso-glandulosfl,
1113 762 1297 825 calycis
1316 762 1733 827 glutinosa-pilosi
1758 762 1950 810 laciniis
1972 763 2132 811 acutis
2163 763 2574 812 membranaceis.

416 826 472 881 ‘u
511 828 588 877 vel
618 826 652 893 5
687 828 740 877 in
778 828 1002 878 Peruviae
1037 828 1316 893 temperatis
1345 828 1496 892 juxta
1522 827 1899 877 Succhubsmba
1932 835 1982 877 et
2003 829 2240 894 Agavaoa
2272 829 2498 894 (Humb.
2530 837 2579 879 et

413 894 630 958 Bonpl.).
656 893 832 944 Affinis
850 894 905 946 G.
933 895 1179 946 flexuosus.
1204 895 1401 945 Corolla
1423 895 1642 959 generis,
1668 894 1815 944 flava.

350 978 432 1024 65.
470 976 528 1026 C.
562 988 848 1026 unxuoss
873 978 1032 1042 (Ruiz
1055 984 1104 1029 et
1127 977 1247 1026 Pav.
1277 976 1329 1026 fl.
1352 992 1456 1042 per.
1482 977 1664 1027 etchil.
1688 978 1735 1027 1.
1763 992 1813 1041 p.
1842 978 1922 1026 17.
1950 992 2000 1042 p.
2026 979 2111 1038 26,
2134 977 2174 1026 f.
2202 979 2270 1042 s),
2296 978 2543 1028 fruticosa
2560 1015 2574 1039 ,

406 1043 598 1104 vinosa,
627 1045 779 1093 ramis
798 1045 1044 1103 flexuosis,
1072 1045 1205 1095 foliis
1235 1044 1392 1095 ovatis
1412 1044 1621 1094 crenstis
1645 1045 1750 1093 basi
1777 1043 1989 1093 cordatis
2012 1059 2162 1109 supra
2189 1046 2378 1109 asperis
2403 1046 2577 1094 subtus

407 1111 600 1159 venosis
614 1146 627 1167 ‚
673 1112 904 1176 panicula
943 1113 1234 1177 corymbos&
1272 1111 1473 1172 foliosa,
1512 1110 1695 1176 calycis
1737 1110 1899 1160 villosi
1940 1111 2136 1160 laciniis
2181 1113 2543 1161 obtusiusculis
2557 1149 2571 1173 ,

407 1178 609 1226 corolloe
631 1179 902 1228 concolor-is
928 1179 1061 1228 labio
1083 1180 1328 1244 superiore
1347 1179 1516 1242 calyce
1544 1178 1782 1236 breviore,
1815 1177 2045 1228 inferiore
2066 1179 2577 1228 obovato-orbiculato

404 1249 600 1307 patente
631 1245 738 1294 basi
773 1245 1085 1311 longiuscule
1117 1251 1368 1296 contracto
1404 1244 1470 1295 ad
1496 1244 1716 1294 medium
1745 1251 1932 1309 aperto.
1973 1245 2008 1312 ὅ
2040 1246 2096 1294 in
2126 1248 2393 1311 praeruptis
2418 1246 2578 1296 Canta

407 1310 563 1373 (Ruiz
594 1318 643 1360 et
663 1312 878 1375 Pavon).
929 1315 1198 1361 ebed-xm
1293 1341 1303 1352 .
1328 1316 1552 1363 ntum&

339 1393 422 1440 66.
460 1395 516 1444 C.
555 1408 886 1444 namu-oms
905 1394 1116 1457 (Humb.
1139 1394 1199 1443 B.
1215 1400 1265 1443 et
1334 1394 1460 1443 unth
1482 1408 1597 1442 nov.
1625 1407 1722 1458 geu
1744 1399 1793 1442 et
1814 1409 1886 1457 sp.
1913 1395 1963 1441 2.
1998 1409 2048 1457 p.
2076 1395 2172 1443 383
2184 1393 2569 1458 ),suflruticosa,

404 1462 556 1510 ramis
581 1461 814 1512 flexuosis
839 1462 1109 1523 villosulis,
1157 1460 1290 1510 foliis
1330 1461 1488 1510 ovatis
1519 1475 1688 1525 grosse
1706 1461 1785 1508 vel
1813 1459 2302 1523 duplicato-dentatis
2334 1462 2448 1511 basi
2467 1477 2571 1512 cor-

403 1527 532 1577 datis
558 1530 638 1578 vel
664 1528 1191 1579 rotundato—truncatis
1208 1541 1356 1592 supra
1377 1527 1637 1592 hispidulis
1659 1526 1833 1576 subtus
1859 1528 2567 1593 canescenti-pubescentibus,

361 1614 366 1618 ·
405 1596 638 1658 panicula
667 1597 959 1661 corymbos&
989 1589 1164 1644 soliosfi
1182 1631 1196 1656 ,
1230 1595 1415 1659 calycis
1450 1594 1763 1644 cano-villosi
1798 1593 1992 1642 laciniis
2034 1593 2150 1646 latis
2184 1596 2565 1657 obtusinsculis,

405 1663 604 1711 corollae
631 1664 904 1713 concoloris
933 1663 1065 1712 labio
1093 1662 1340 1726 superiore
1361 1661 1528 1726 calyce
1551 1662 1771 1710 breviore
1797 1660 2028 1709 inferiore
2056 1661 2569 1712 obovato-orbiculato

402 1735 597 1793 patente
617 1731 724 1779 basi
749 1730 1061 1795 longiuscule
1104 1735 1354 1778 contracto
1382 1729 1447 1777 ad
1472 1728 1687 1777 medium
1708 1733 1892 1791 aperto.
1924 1727 1958 1792 5
1980 1728 2033 1775 in
2060 1727 2273 1778 Peruvifl
2297 1729 2569 1792 (Mathcws

401 1812 452 1844 n.
498 1798 622 1845 1681
641 1797 679 1860 ),
709 1798 764 1845 in
799 1803 971 1845 monte
1007 1795 1279 1845 Pichincha
1313 1795 1625 1857 Quitensium
1657 1794 1828 1856 (Hau)
1851 1829 1865 1854 ‚
1904 1808 2054 1858 prope
2091 1793 2243 1855 Quito
2277 1796 2501 1854 (Humb.
2524 1804 2570 1847 et

399 1863 603 1925 Bonpl.)
620 1898 633 1922 ‚
663 1864 854 1927 Bogcts
872 1862 1122 1926 (Goudotl
1149 1879 1201 1912 n.
1244 1864 1326 1925 3).
1353 1863 1540 1912 Habitu
1557 1861 1618 1911 C.
1643 1860 1849 1910 bicolori
1871 1860 2060 1910 accedit
2075 1895 2097 1920 ,γ
2120 1861 2207 1910 sed
2235 1863 2482 1925 villosior,
2522 1872 2568 1913 ct

400 1929 599 1978 corolloe
631 1928 790 1979 forma
822 1930 1032 1979 diversa.
1066 1930 1148 1979 An
1181 1930 1350 1979 eudem
1380 1944 1441 1979 ac
1474 1929 1533 1979 C.
1560 1925 1813 1978 flexuosa?
1840 1927 1947 1977 hoec
1970 1935 2135 1977 tamen
2164 1928 2413 1980 fruticosa.
2446 1931 2564 1980 dici·

397 2001 497 2044 tur.
534 1996 621 2059 (v.
648 1996 726 2060 s.)

333 2079 416 2126 67.
454 2076 510 2127 C.
546 2090 785 2127 mconon
809 2078 962 2141 (Ruiz
992 2082 1042 2127 et
1076 2077 1219 2126 Pam!
1258 2077 1310 2126 fl.
1341 2092 1445 2142 per.
1490 2083 1539 2126 et
1569 2077 1687 2126 chil.
1721 2078 1769 2125 1.
1800 2091 1848 2141 p.
1882 2077 1965 2126 16.
1991 2080 2030 2125 t.
2067 2079 2152 2125 25.
2189 2077 2228 2126 f.
2254 2078 2345 2143 b),
2379 2078 2562 2129 suffiu-

397 2146 569 2204 ficosa,
607 2146 760 2194 ramis
783 2145 1013 2194 flexuosis
1036 2143 1226 2193 diffusis
1250 2151 1468 2193 tomento
1502 2144 1789 2194 brevissimo
1811 2145 2204 2203 canescentibus,
2238 2144 2377 2194 foliis
2409 2148 2566 2196 ovatis
2614 2167 2621 2173 ·

397 2225 565 2277 grosse
588 2212 667 2260 vel
699 2211 1179 2276 duplicato-dentatis
1221 2213 1328 2261 basi
1368 2211 1580 2260 cordatis
1614 2211 1775 2260 rarius
1817 2210 2093 2260 rotundatis
2132 2226 2285 2276 supra
2320 2213 2564 2263 viridibus

395 2281 571 2328 subtus
608 2281 973 2329 canescentibus
1019 2279 1251 2342 utrinque
1293 2278 1483 2328 minute
1524 2280 1775 2344 pubet-ulis
1796 2312 1810 2335 ‚
1853 2278 2086 2343 panicula
2122 2278 2301 2329 foliosa
2319 2317 2333 2340 ‚
2379 2281 2563 2345 only-cis

393 2347 692 2396 canescentia
727 2346 922 2396 laciniis
945 2346 1293 2396 obtusiusculis
1309 2382 1322 2407 ,
1361 2347 1560 2396 corollae
1584 2347 1714 2395 labio
1750 2347 1995 2409 superiore
2016 2347 2185 2409 calyce
2215 2347 2464 2410 breviore,
2490 2349 2563 2397 in-

392 2414 570 2463 feriore
592 2414 1096 2463 obovato-crbiculsto
1112 2413 1660 2469 incurvo-adscendente
1670 2412 1798 2462 ‘basi
1817 2412 2127 2479 longiuscule
2147 2420 2410 2464 conta-acto
2432 2415 2563 2464 ultra

391 2481 608 2529 medium
628 2487 794 2544 aperto
821 2481 1043 2530 bicolori.
1086 2483 1120 2544 ᾖ
1166 2482 1220 2529 in
1243 2481 1463 2530 Peruviae
1480 2482 1739 2544 praeruptis
1759 2479 1917 2529 Canta
1940 2478 2096 2542 (Ruiz
2118 2487 2167 2529 et
2187 2479 2316 2530 Pav.
2348 2481 2558 2532 Cruiks-

386 2546 585 2608 hanks),
611 2548 1022 2613 Huramantanga
1042 2555 1091 2597 et
1104 2547 1421 2598 Purrochuca
1442 2547 1699 2610 (Mathews
1716 2563 1769 2595 ιι.
1794 2547 1932 2608 469).
1954 2572 2019 2582 --
2033 2546 2145 2595 Bot.
2172 2561 2312 2613 mag.
2339 2554 2380 2597 t.
2408 2552 2558 2598 3036.

389 2613 545 2665 Lodd.
561 2616 663 2664 bot.
687 2616 795 2663 cab.
820 2622 860 2663 t.
887 2616 1034 2664 1783.
1055 2615 1116 2666 C.
1138 2613 1317 2664 diffusa
1336 2614 1523 2663 Lindm
1545 2616 1649 2663 bct.
1675 2629 1779 2679 reg.
1807 2619 1847 2662 t.
1874 2613 2023 2662 1374.
2049 2612 2351 2665 —Corollae
2373 2616 2562 2665 labium

388 2680 596 2731 inferius
616 2683 721 2731 basi
747 2681 970 2730 albidum
992 2718 1005 2741 ‚
1039 2684 1175 2746 spice
1202 2682 1455 2730 flavicans.
1482 2681 1549 2745 (v.
1575 2681 1641 2745 s.)

319 2777 366 2859 S
387 2783 442 2841 8.
479 2779 868 2842 Verticillatoe.
894 2814 973 2826 —
990 2779 1362 2861 Suffrutices,
1372 2779 1552 2841 ramis
1567 2779 1780 2871 soepius
1796 2777 2096 2860 flexuosis.
2122 2779 2298 2842 Folia
2319 2779 2562 2872 (pollice

403 2860 685 2942 lonqiora)
704 2860 954 2923 breviter
971 2860 1278 2944 peciolam,
1306 2874 1502 2934 ovata,
1522 2880 1717 2920 ramus
1736 2856 2192 2933 sublanceotata,
2217 2858 2351 2920 basa
2362 2876 2561 2922 rcum-

399 2938 542 3002 data
566 2940 660 3004 vel
686 2942 962 3017 cordata,
1000 2942 1195 3002 ram’us
1223 2939 1600 3013 subeam-ata,
1625 2958 1708 3000 διε
1752 2939 1839 3000 ius
1876 2939 2149 3001 ternatim
2175 2940 2557 3015 verticillata,

398 3022 619 3162 ἵππω.
640 3023 925 3106 opposita.
962 3021 1251 3084 Panic-ula
1280 3019 1525 3102 oblonqa
1550 3020 1641 3081 vel
1676 3035 1699 3080 t
1737 3017 2029 3101 yrsoidea.
2075 3020 2315 3102 Species
2358 3040 2557 3083 onmes

456 3120 762 3165 eruvmnae.

313 3219 394 3268 68.
433 3220 488 3270 C.
531 3234 812 3270 murtena
849 3219 1015 3281 (Ruiz
1054 3225 1106 3268 et
1138 3217 1258 3267 Pav.
1293 3216 1345 3265 fl.
1384 3230 1489 3281 per.
1526 3221 1576 3266 et
1610 3213 1730 3264 chil.
1776 3215 1822 3263 1.
1857 3228 1908 3278 p.
1957 3215 2039 3264 16.
2088 3221 2127 3264 t.
2165 3217 2249 3263 20.
2292 3213 2333 3264 f.
2372 3231 2423 3264 c.
2460 3231 2555 3264 non

377 3285 577 3351 Lam.)‚
612 3288 947 3344 susti-uticem,
984 3284 1317 3334 ramosissims
1337 3319 1349 3343 ‚
1390 3282 1544 3331 ramis
1577 3281 1974 3345 pubescentibus,
2004 3280 2138 3330 foliis
2160 3281 2323 3330 ovatis
2356 3285 2555 3332 serratis

375 3351 484 3399 basi
507 3355 808 3414 rotundatis,
847 3353 1091 3417 psniculae
1121 3350 1400 3416 pauciflorae
1435 3349 1724 3413 pedunculis
1770 3347 2086 3397 subunifloris
2109 3383 2122 3409 ,
2146 3348 2335 3411 calycis
2373 3350 2550 3412 pubes-

377 3417 532 3466 centis
562 3420 757 3470 laciniis
792 3421 908 3469 latis
922 3456 935 3479 ‚
975 3419 1174 3468 ccrollae
1194 3418 1327 3467 labio
1350 3417 1599 3481 superiore
1629 3416 1797 3480 calyce
1818 3414 2058 3474 breviore,
2082 3414 2321 3464 inferiore
2344 3417 2553 3465 obovato

374 3483 797 3549 incurvo-patente
818 3487 924 3535 basi
941 3487 1283 3535 subcontructo
1302 3484 1512 3534 breviter
1535 3489 1719 3547 aperto.
1764 3483 1798 3548 5
1836 3482 1888 3530 in
1912 3481 2157 3529 umbrosis
2181 3481 2384 3531 Tarmae
2411 3481 2552 3546 (Ruiz

374 3555 423 3595 et
445 3548 660 3612 Pavon).
689 3554 743 3602 C.
774 3553 1069 3602 monanthos
1100 3552 1235 3601 Poir.
1271 3551 1389 3600 dict.
1417 3552 1577 3614 suppl.
1607 3553 1657 3598 2.
1690 3566 1740 3613 p.
1778 3550 1862 3597 24.
1885 3548 2169 3597 —Corolla
2203 3562 2363 3611 parva
2397 3549 2549 3598 lutea.

305 3629 387 3676 69.
425 3628 484 3678 C.
521 3643 923 3680 vnancxnnns
949 3634 1096 3689 (Ruiz
1126 3640 1174 3682 et
1202 3633 1322 3683 Pav.
1359 3631 1413 3680 fl.
1454 3647 1558 3696 per.
1609 3637 1658 3681 et
1693 3630 1812 3679 chil.
1858 3631 1905 3678 1.
1946 3646 1995 3693 Ρ.
2043 3630 2155 3692 17),
2194 3628 2547 3690 suffruticosa‚

193 3680 224 3723 Ὗ·
369 3695 547 3757 glabra
581 3697 657 3744 vel
679 3698 961 3760 pubescens,
996 3700 1146 3747 ramis
1169 3699 1397 3748 flexuosis
1422 3735 1434 3756 ‚
1461 3699 1596 3747 soliis
1624 3698 1781 3747 ovatis
1810 3697 1970 3744 acutis
2003 3695 2203 3744 serratis
2232 3696 2341 3745 basi
2373 3705 2549 3745 rotun-

370 3761 498 3808 dstis
531 3762 921 3821 subcordafisw,
961 3766 1191 3828 panicula
1213 3767 1444 3831 elongata
1467 3765 1672 3823 foliosa,
1713 3764 1897 3827 calycis
1920 3761 2118 3811 laciniis
2158 3762 2549 3812 sublanoeolatis

367 3829 543 3887 acutis,
586 3830 784 3878 corollae
823 3832 954 3879 labio
984 3833 1230 3895 superiore
1261 3833 1578 3892 brevissimo,
1614 3831 1843 3879 inferiore
1871 3831 2103 3894 elongato
2126 3829 2341 3879 obovato
2372 3831 2550 3879 obtuso

361 3892 566 3943 incurvo
607 3895 714 3944 basi
749 3896 896 3962 longe
917 3906 1169 3947 contracto
1200 3900 1550 3963 angustissimo
1587 3898 1724 3947 ultra
1758 3897 1975 3945 medium
2016 3901 2201 3960 aperto.
2251 3900 2285 3957 5
2314 3896 2369 3945 in
2408 3912 2545 3961 prov.

363 3958 522 4008 Canta
547 3960 695 4023 (Ruiz
725 3970 774 4012 et
789 3962 976 4021 Pavon,
1005 3964 1345 4015 Cruikshsnks
1367 3965 1414 4029 ἱ)
1435 3967 1567 4015 circa
1589 3964 1832 4029 Obrajillo
1862 3961 2231 4026 (Cavanilles)‚
2269 3963 2337 4010 ad
2360 3963 2548 4013 Parro-

361 4024 518 4074 chucs
545 4034 594 4075 et
613 4028 997 4095 Huamantsnga
1027 4030 1316 4095 (Mstbewsi
1345 4047 1396 4079 n.
1426 4034 1525 4081 470
1540 4033 1577 4096 ).
1610 4032 1667 4082 C.
1708 4030 2051 4097 angustiflors.
2081 4028 2244 4078 Hookl
2266 4029 2376 4078 bot.
2405 4045 2544 4095 mag.

361 4097 400 4139 t.
432 4095 581 4141 3094.
609 4094 791 4144 Lindl.!
818 4098 920 4146 bot.
946 4113 1052 4162 reg.
1079 4104 1116 4146 t.
1147 4099 1274 4146 1743
1299 4099 1387 4147 vix
1404 4099 1529 4147 Rusz
1549 4105 1599 4148 et
1616 4098 1737 4148 Pav.
1764 4098 1822 4149 c.
1915 4095 2175 4146 melliflora
2195 4096 2320 4145 ὢν·
2345 4097 2415 4145 ic·
2444 4112 2529 4146 m·

360 4161 411 4205 5.
436 4174 482 4222 p.
517 4165 597 4209 30.
632 4167 668 4210 t.
697 4160 813 4211 450.
845 4162 882 4212 f.
912 4165 958 4212 1.
988 4191 1055 4201 -
1080 4163 1269 4226 Species
1290 4179 1320 4214 a
1339 4165 1396 4215 C.
1427 4165 1752 4231 angustiflora
1787 4165 1835 4213 di
1876 4179 1981 4214 erre
2003 4161 2374 4230 videtui-{foliis
2399 4164 2548 4213 latio-
