2808 4538
268 302 555 345 emes·
696 279 1579 349 SCROPHULARIACEAE
1629 283 1876 373 [Aneros
1895 284 2193 373 BENTH.).
2304 264 2326 316 ἠ
2365 286 2500 351 409

331 396 409 445 ed.
434 395 549 445 Car.
584 401 634 444 et.
654 395 802 444 wall.
845 396 892 443 1.
919 411 970 459 p.
997 397 1116 443 136.
1144 396 1393 461 Hei-pestis
1417 412 1586 446 amara
1617 397 1796 448 Benth.
1822 395 2016 459 scroph.
2043 396 2147 444 ind.
2171 412 2222 461 p.
2250 399 2333 445 30.
2370 396 2498 461 Syn·
2561 374 2575 399 ⁸

336 463 588 525 phyllium
631 461 947 511 torenioides·
963 461 1128 510 Griff.t
1170 463 1208 509 1.
1251 480 1296 511 c.
1329 480 1378 527 p.
1428 465 1475 511 1.
1519 464 1574 513 G.
1623 462 1915 513 torenioides
1947 462 2117 512 Steud.
2161 478 2295 511 nom.
2331 464 2502 512 Herba

338 529 511 576 habitu
536 529 761 578 Toreniae
795 528 1116 593 polygonoidi
1150 528 1352 589 similis,
1388 530 1564 593 glabra
1586 532 1664 579 vel
1687 529 1875 579 minute
1903 530 2159 594 puberuia.
2186 529 2326 578 Folia
2351 531 2502 592 petio·

341 597 469 655 lata,
514 602 684 654 ovata,
726 595 1116 658 1-12-pollicaria
1140 630 1153 651 ,
1198 602 1414 645 crenata.
1451 597 1647 646 Raoemi
1693 597 1890 654 breves,
1935 597 2150 659 primurn
2187 596 2496 654 terminale3‚

336 677 454 711 mox
478 677 618 710 ramo
640 668 929 710 excurrente
963 662 1089 711 falso
1116 662 1364 711 axillares.
1389 664 1591 712 Florum
1615 663 1755 726 paria
1776 666 1883 710 2-5.
1913 663 2131 711 Bracteae
2156 662 2500 711 subtendentes

331 744 518 792 parvre.
546 729 775 777 Pedicelli
801 728 1065 776 ebracteati
1095 728 1231 791 apice
1260 729 1470 778 dilatati.
1498 729 1656 793 Calyx
1685 729 1868 778 florifer
1891 733 1918 777 3
1944 729 2058 787 lin.‚
2085 728 2309 778 fructifer
2338 732 2368 776 6
2405 729 2498 777 lin.

336 798 537 859 longus.
555 796 755 844 Corolla
770 797 938 858 calyce
954 795 1100 858 paulo
1119 795 1336 860 longior,
1362 796 1696 845 rubro-fusca.
1722 798 1789 860 (v.
1817 796 1881 858 s.)

272 911 602 961 Lxxxvm.
641 909 936 961 TORENIA
961 913 1098 959 Lina.
1124 927 1230 971 qen.
1261 928 1313 973 p.
1340 915 1458 962 311.
1487 915 1665 963 Goertn.
1687 918 1755 976 fil.
1785 917 1851 973 [r.
1878 917 2032 974 suppl.
2051 917 2102 962 3.
2129 930 2181 974 ρ.
2201 917 2287 961 29.
2318 922 2354 960 ι.
2383 915 2500 962 184.

336 982 474 1026 Euae.
503 995 608 1037 qen.
629 994 678 1038 p.
708 979 823 1025 684.
850 1005 915 1014 —-
936 977 1175 1027 Nortenia
1198 980 1341 1027 Thou.
1362 996 1467 1040 qen.
1498 983 1708 1028 madasc.
1741 996 1791 1027 n.
1824 981 1908 1028 27.
1938 982 2096 1028 cnam.
2124 989 2164 1028 el
2191 982 2422 1028 Schlecht.
2449 986 2501 1027 in

332 1047 529 1093 Linnoea
549 1049 599 1093 3.
614 1061 666 1105 p.
690 1046 772 1092 18.
794 1043 1253 1110 —Craterostigma
1272 1049 1457 1096 Bochai.
1481 1051 1530 1093 in
1554 1049 1692 1095 Flora
1714 1047 1839 1095 1841
1862 1062 1913 1106 ρ.
1939 1048 2056 1094 668.
2081 1071 2149 1081 -
2176 1046 2395 1096 Dunalia
2413 1050 2495 1096 Br.

338 1116 387 1158 in
410 1113 508 1159 Sale
529 1116 581 1159 εἰ.
609 1116 763 1174 abyu.
788 1116 941 1172 suppl.

340 1223 507 1296 Calyx
535 1222 839 1291 tubulosuS,
869 1223 1104 1295 plicatus
1128 1223 1214 1279 vel
1242 1223 1443 1291 alatus,
1477 1224 1634 1297 apice
1668 1223 1881 1296 oblique
1923 1223 2226 1289 §dentatus
2262 1224 2345 1280 vel
2373 1225 2535 1280 bila-⁸

272 1295 476 1352 hiatus,
510 1294 719 1350 Corolla
744 1295 995 1366 ringens,
1028 1295 1171 1351 labio
1211 1312 1274 1351 su
1349 1297 1487 1351 tiore
1526 1295 1859 1368 emarginato
1895 1295 1984 1350 vel
2021 1294 2208 1360 bifido,
2255 1295 2504 1351 inferiore

271 1366 448 1423 trifido
487 1366 706 1437 maj0re.
753 1365 999 1421 Stamina
1026 1367 1231 1438 postica
1295 1366 1470 1422 ertilia
1494 1409 1508 1435 ,
1552 1367 1731 1422 antica
1767 1370 1989 1423 arcuata
2017 1365 2344 1422 anthei-isera
2385 1366 2504 1422 basi

269 1437 573 1509 appendice
598 1436 902 1492 dentiformi
927 1436 1012 1492 vel
1044 1436 1274 1493 filiformi
1302 1444 1483 1493 aucta.
1513 1437 1768 1493 Antherae
1788 1454 1888 1509 per
1914 1435 2065 1507 paria
2086 1442 2232 1491 arcte
2258 1437 2506 1508 approxi-

266 1515 434 1564 matae
459 1508 541 1562 vel
570 1507 920 1564 cohaerenteS.
948 1507 1133 1579 Stylus
1159 1509 1314 1580 apice
1342 1507 1832 1565 subbilamellatus.
1851 1505 2084 1578 capsula
2114 1506 2370 1578 oblonga,
2401 1522 2506 1562 ca-

267 1579 446 1652 lycem
476 1595 580 1633 non
624 1579 909 1635 excedens,
932 1609 1005 1620 --
1030 1579 1223 1635 Herbze
1248 1586 1609 1652 gerontogeae,
1654 1578 1891 1651 tropicae‚
1919 1577 2005 1633 vel
2039 1592 2230 1649 paucae
2269 1593 2335 1631 ex
2375 1578 2505 1633 orbe

267 1651 440 1706 veteri
471 1650 649 1706 allatae
674 1650 841 1707 etiam
870 1648 925 1704 in
951 1650 1203 1706 Amerina
1241 1649 1449 1722 tropica
1483 1651 1745 1722 vigentes
1794 1649 1939 1706 Folia
1980 1647 2248 1720 opposita.
2289 1647 2508 1705 Racemi

269 1721 463 1778 breves
491 1720 764 1793 paucissori
794 1720 1235 1777 fasciculisormes
1277 1721 1361 1777 vel
1396 1722 1576 1777 rarius
1610 1721 1875 1793 elongati,
1906 1717 2220 1776 terminales
2245 1717 2330 1774 vel
2355 1714 2508 1774 rame

275 1800 594 1848 excurrente
620 1791 756 1847 falso
775 1791 1027 1849 axillares
1051 1793 1136 1848 vel
1164 1792 1218 1847 in
1249 1792 1576 1849 dichotomie
1599 1807 1870 1848 ramorum
1894 1790 2005 1846 siti.

1106 1886 1302 1965 '‘Sectio
1335 1904 1375 1943 ι.
1417 1886 1679 1942 Tumens,

341 1982 502 2044 Calyx
525 1981 624 2030 late
646 1980 875 2029 trialatus
900 1980 1065 2042 (costis
1086 1984 1119 2028 2
1140 1982 1383 2043 evanidis)
1417 1984 1555 2046 apice
1585 1982 1946 2031 3-5-dentatus.
1967 1980 2221 2030 -Caules
2249 1980 2466 2045 elongati
2489 2015 2503 2037 ‚

285 2048 455 2097 diffusi
474 2050 550 2096 vel
571 2052 830 2111 reptantes.
852 2049 1050 2097 Racemi
1074 2049 1464 2098 umbellisormes
1483 2084 1495 2108 ‚
1522 2049 1760 2118 Lat-flori,
1787 2047 2123 2114 pedunculati.

282 2142 333 2187 1.
370 2140 428 2188 Τ.
470 2151 889 2187 roucoxomas
925 2138 1144 2200 (Benth.l
1170 2138 1360 2201 scroph.
1396 2138 1502 2186 ind.
1541 2155 1590 2202 p.
1618 2140 1721 2199 39),
1754 2139 1955 2201 glabra,
1990 2137 2123 2185 foliis
2143 2137 2390 2200 petiolatis
2411 2136 2510 2183 late

350 2206 507 2255 ovatis
532 2206 609 2253 vel
634 2205 916 2253 orbiculatis
943 2205 1172 2265 crenatis,
1201 2206 1489 2269 pedunculis
1514 2205 1620 2268 (seu
1651 2207 1801 2254 ramis
1825 2204 2073 2265 floriferis)
2094 2204 2387 2252 axillaribus
2408 2217 2509 2249 me·

350 2274 431 2321 dio
471 2273 659 2320 minute
686 2272 974 2321 bifoliolatis
1009 2273 1143 2336 apice
1178 2272 1486 2321 umbellatim
1522 2272 1802 2333 2-4-floris,
1836 2273 2020 2335 calycis
2053 2269 2147 2319 alis
2177 2271 2230 2319 in
2273 2268 2511 2334 pedicello

352 2341 564 2388 breviter
589 2339 976 2388 decurrentibus.
1004 2340 1061 2387 In
1086 2340 1182 2386 ins.
1206 2339 1476 2403 Singapore
1499 2339 1770 2402 manich),
1798 2339 1851 2387 in
1871 2340 1969 2387 ins.
1993 2338 2185 2386 Bouton
2209 2353 2284 2401 pr.
2309 2337 2513 2399 Pcnang

351 2406 468 2458 (Ad.
492 2406 702 2454 Deless.!
722 2406 841 2453 inh.
858 2405 1007 2468 DQ).
1034 2405 1293 2469 Herpestes
1318 2406 1673 2469 polygonoides
1694 2405 1870 2455 Benth.
1899 2406 1951 2454 in
1974 2405 2125 2452 wall.
2160 2411 2257 2451 cat.
2284 2419 2334 2451 n.
2360 2404 2509 2450 3897.

312 2505 319 2510 -
349 2473 524 2522 Caules
554 2478 794 2536 reptantes
832 2471 895 2519 ad
929 2472 1082 2520 nodos
1118 2472 1395 2520 radicantes
1427 2472 1504 2520 vel
1536 2471 1901 2521 adscendentes.
1928 2469 2067 2519 Folia
2090 2469 2282 2533 majora
2306 2471 2395 2517 6·8
2419 2468 2512 2516 lin.

354 2540 504 2602 longa
526 2547 576 2587 et
596 2540 713 2586 lata.
749 2539 946 2586 Remuli
968 2537 1173 2587 floriferi
1208 2538 1655 2601 pedunculiformes
1676 2541 1759 2586 6-9
1782 2538 1876 2586 lin.
1894 2536 2057 2600 longi.
2081 2536 2314 2585 Pedicelli
2345 2535 2513 2599 calyce

349 2606 433 2654 vix
456 2606 722 2668 longiores.
747 2605 947 2666 Calyces
966 2605 1066 2653 fere
1087 2605 1366 2663 orbiculati,
1394 2609 1484 2653 2-3
1508 2605 1603 2653 lin.
1628 2605 1766 2669 longi
1790 2640 1803 2663 ,
1834 2603 2120 2651 brevissime
2134 2602 2395 2650 5-dentati.
2420 2601 2509 2650 Co-

360 2673 489 2721 rolla
510 2673 678 2735 calyce
698 2671 848 2734 duplo
863 2671 1080 2734 longior,
1104 2672 1224 2719 tubo
1247 2672 1458 2720 breviter
1477 2677 1685 2721 exserto,
1713 2670 2102 2719 Filamentorum
2126 2669 2400 2717 anticorum
2427 2683 2513 2731 ap-

356 2739 580 2802 pendices
605 2738 773 2786 breves
801 2738 1019 2786 incurvae
1041 2738 1274 2786 dilatatas.
1294 2743 1363 2796 (v.
1391 2739 1458 2798 s.)

288 2825 339 2869 2.
377 2821 436 2869 Τ.
476 2831 913 2876 σΑιωιοειΡΛω,
956 2819 1162 2882 glabra,
1199 2819 1332 2868 foliis
1350 2820 1599 2884 petiolatis
1638 2820 1796 2867 ovatis
1831 2816 2281 2871 senato-effluatis,
2309 2815 2518 2863 ramulis

356 2887 587 2936 floriferis
626 2887 868 2950 plerisque
905 2887 1199 2935 axillaribus
1236 2887 1467 2935 'brevibus
1506 2885 1668 2935 medio
1692 2884 1986 2934 bifoliolatis
2025 2883 2164 2947 apice
2202 2881 2513 2929 umbellatim

360 2953 636 3008 het-floris,
661 2954 846 3016 calycis
876 2952 968 3000 alis
998 2953 1212 3000 breviter
1241 2951 1788 3015 auriculam-productis
1818 2950 2056 2999 auriculis
2087 2964 2117 2997 a
2138 2947 2373 3011 pedicello
2396 2947 2516 2994 libe-

356 3021 427 3069 ris
462 3020 666 3068 obtusis.
717 3019 774 3067 In
807 3018 905 3067 ins.
940 3019 1235 3082 Philippinis
1270 3019 1556 3082 (Cuming,
1597 3034 1647 3065 n.
1685 3021 1785 3065 679
1822 3025 1872 3066 et
1901 3017 2062 3078 872).
2103 3015 2163 3063 Τ.
2191 3012 2518 3077 polygonoidi

360 3087 561 3135 similis.
604 3084 746 3134 Folia
768 3087 916 3148 paulo
936 3087 1241 3150 angustiora.
1276 3086 1478 3148 Calyces
1497 3085 1645 3132 latius
1664 3085 1803 3134 alati.
1829 3083 2215 3132 Filamentorum
2249 3080 2522 3128 anticorum

365 3153 654 3218 appendices
678 3161 848 3200 tenues
868 3153 1177 3200 rectiusculae
1202 3151 1338 3216 apice
1355 3151 1667 3200 subclavatoe.
1695 3152 1764 3214 (v.
1791 3151 1857 3214 s.)

300 3240 351 3284 3.
390 3236 451 3284 Τ.
492 3248 898 3284 sumnonem-u
919 3271 932 3294 ,
968 3235 1179 3283 breviter
1207 3234 1401 3282 hirsuta
1419 3271 1431 3293 ‚
1458 3233 1590 3282 soliis
1617 3233 1865 3298 petiolatis
1889 3231 2045 3281 ovatis
2078 3228 2517 3286 serrato-crenatis,

367 3303 578 3351 ramulis
596 3301 824 3350 floriferis
847 3301 1089 3365 plerisque
1112 3301 1400 3349 axillaribus
1434 3301 1663 3348 brevibus
1693 3299 1909 3364 aphyllis
1925 3298 2004 3347 vel
2025 3297 2213 3346 minute
2235 3293 2523 3344 bifoliolatis

366 3370 506 3433 apice
531 3369 836 3416 umbellatim
862 3367 1122 3426 Lei-floris,
1142 3368 1324 3431 calycis
1343 3368 1437 3415 alis
1455 3368 1562 3415 basi
1586 3368 1797 3415 breviter
1821 3363 2370 3428 auriculam-productis
2388 3398 2401 3418 ,
2440 3377 2523 3410 au-

368 3436 544 3484 riculis
568 3451 598 3483 a
619 3435 856 3498 pedicello
887 3435 1149 3483 subliberis
1171 3435 1545 3482 mucronulatis.
1567 3433 1624 3482 In
1650 3449 1788 3498 prov.
1815 3432 2009 3496 Mergui
2037 3430 2291 3494 (Griffith).
2324 3429 2527 3492 Calyces

367 3518 518 3567 quam
560 3501 612 3549 iu
640 3502 700 3550 T.
729 3501 1067 3564 cardiosepala
1090 3502 1238 3564 paulo
1263 3500 1474 3565 majores
1491 3536 1503 3559 ‚
1543 3501 1781 3549 fructiferi
1805 3500 1928 3562 4-4}
1949 3500 2041 3548 lin.
2064 3498 2200 3562 longi
2226 3504 2274 3546 et
2292 3495 2399 3545 lati.
2433 3495 2527 3545 Co-

370 3570 519 3619 rollae
536 3568 683 3617 etiam
709 3570 855 3632 paulo
876 3569 1105 3633 majores.
1131 3572 1211 3630 (v.
1238 3568 1290 3616 in
1310 3568 1451 3617 herb.
1471 3566 1724 3630 Hooker.)

646 3658 829 3713 Sectio
864 3675 928 3714 n.
967 3659 1273 3714 Non‘rsnu.
1302 3688 1370 3698 —
1393 3659 1662 3714 Nortenia
1686 3658 1809 3713 Pet.
1837 3655 2021 3712 '1⁷hou.
2053 3654 2093 3710 l.
2123 3671 2170 3711 c.

366 3755 526 3817 Calyx
548 3757 832 3813 &costatuffi
858 3754 1005 3803 costis
1034 3759 1062 3803 3
1088 3755 1249 3819 magis
1268 3755 1662 3818 prominentibus
1687 3756 1765 3804 vel
1790 3755 1961 3812 alatis,
1993 3753 2046 3801 in
2075 3751 2316 3816 pedicello
2343 3747 2523 3796 subde-

296 3820 643 3880 currentibus,
685 3822 821 3884 apice
858 3821 1124 3870 bilabiatus
1157 3822 1302 3870 labiis
1330 3821 1537 3885 integris
1569 3824 1645 3872 vel
1680 3823 1925 3887 superiore
1953 3820 2202 3871 &dentato
2223 3814 2454 3866 inferiore
2473 3816 2524 3860 2-

298 3887 771 3939 dcntato.—Caules
802 3888 1039 3952 elongati,
1061 3888 1228 3936 diffusi
1252 3889 1329 3937 vel
1351 3890 1611 3938 suberecti.

294 3979 321 4005 «e
342 3984 545 4029 Rae-emis
560 3982 1277 4093 umbellaeo—sasciculisormibtff
1302 3980 1562 4106 liliis-1322,
1562 3984 1805 4095 aegrisque
1818 3982 2062 4034 senilibus,
2088 3980 2205 4038 salso
2225 3974 2523 4026 miliaribus,

1167 4063 1223 4107 po
1258 4063 1322 4095 acc
1656 4080 1671 4093 .

299 4139 352 4187 4.
392 4138 457 4187 Τ.
494 4148 832 4187 commotu
867 4136 1062 4199 (Roxb.
1104 4137 1175 4201 pl.
1202 4152 1387 4191 cotom.
1421 4141 1473 4186 2.
1502 4153 1550 4202 p.
1576 4139 1660 4185 52.
1697 4141 1734 4183 t.
1763 4135 1899 4199 161),
1928 4134 2105 4200 glabra
2137 4133 2215 4181 vel
2253 4130 2368 4196 pilis
2404 4124 2528 4175 raris
