2808 4538
140 258 147 263 ·
228 288 619 326 mmmm..
657 265 1545 333 SCROPHULARIACEAE
1594 268 1836 354 (Auem
1857 230 2155 356 BEN-rufi).
2323 270 2457 339 573

296 377 413 425 latis
437 378 654 441 pinnatis
677 381 842 443 pinnis
868 380 1141 428 numerosis
1184 379 1415 443 oblongis
1444 381 1808 443 pinnatisectis‚
1836 382 1961 430 iobis
1988 382 2461 446 triangulari-ovans

296 446 658 494 subcrenulatis
683 447 820 509 spica
839 446 1069 510 elongata
1091 448 1192 494 basi
1214 448 1329 495 laxa
1350 447 1528 495 foliosa
1549 448 1718 511 glabra
1734 483 1747 506 ‚
1771 449 1977 497 bracteis
1993 449 2176 497 infimis
2189 449 2457 498 linearibus

295 526 507 573 superne
526 514 791 561 crenulatis
824 514 1018 577 calyces
1040 513 1383 576 superantibus
1401 548 1414 570 ‚
1441 516 1629 563 caeteris
1652 515 1937 564 lanceolatis
1960 517 2118 563 acutis
2152 516 2356 579 integris
2379 532 2459 563 ca-

297 578 422 639 lycis
445 579 787 642 longitudine,
815 581 998 642 calycis
1032 581 1191 643 glabri
1236 580 1496 644 cylindrici
1533 583 1660 631 inter
1693 597 1868 630 nervos
1911 583 2036 630 latos
2080 583 2462 631 membranaceis

295 644 525 693 dentibus
550 646 834 695 brevissime
855 647 1034 695 ciliatis
1071 646 1460 710 triangularibus
1488 664 1622 711 aeque
1656 648 1820 712 longis
1844 649 2033 698 solatis
2056 649 2313 713 spiculatis
2331 685 2343 707 ‚
2372 665 2456 698 co·

296 712 426 759 rolla
452 713 619 775 calyce
644 713 883 776 subtriplo
905 714 1127 776 longiore
1163 715 1281 762 tubo
1305 722 1506 763 arcuato
1525 749 1538 773 ‚
1561 716 1704 779 galea
1732 715 1939 764 breviter
1972 719 2185 765 rostrata
2221 716 2357 779 apice
2404 716 2453 764 in

295 778 465 827 dentes
494 781 527 826 2
551 796 581 827 a
614 780 722 828 basi
755 780 1050 844 triangulari
1084 781 1297 829 breviter
1325 790 1846 830 setaceo—mucronatos
1894 783 2157 845 producto,
2187 782 2320 831 labio
2351 783 2460 831 bre·

298 846 422 893 riori
448 845 624 909 glabro
647 846 974 905 denticulato,
1006 846 1269 895 filamentis
1290 850 1321 894 2
1345 863 1552 911 superne
1576 848 1772 896 lanatis.
1806 845 1873 911 ‘E
1911 848 2290 913 inpappadocia
2315 850 2333 911 (
2356 850 2459 899 Au·

296 911 416 960 cher
445 928 495 960 n.
532 914 710 975 1921),
737 915 789 962 in
814 920 980 961 monte
1021 913 1230 961 Savalan
1253 913 1434 963 Persiae
1477 918 1492 975 (
1519 914 1716 963 Aucher
1750 930 1801 962 n.
1831 918 1960 964 5082
1985 917 2019 978 ).
2043 916 2221 964 Planta
2253 916 2460 994 pedalis.

299 978 460 1042 Calyx
483 982 513 1025 5
536 979 628 1027 lin.
646 1014 658 1038 ‚
687 981 874 1028 corolla
892 979 1116 1044 pollicem
1143 988 1192 1029 et
1212 982 1424 1043 amplius
1447 981 1615 1044 longa.
1641 982 1852 1030 Habitus
1878 982 1935 1030 Ρ.
1962 981 2298 1047 asparagoidts
2339 982 2458 1046 Lap.

300 1050 313 1103 (
340 1060 400 1092 ex
438 1045 575 1094 herb.
605 1062 689 1094 un.
716 1047 828 1095 itin.
847 1046 870 1093 ’ἐ
892 1048 910 1110 )
935 1061 964 1095 a
989 1062 1086 1110 qua
1107 1047 1338 1112 glabritie
1367 1049 1539 1112 spicoe,
1566 1049 1727 1097 colore
1763 1049 1959 1096 corollae
2001 1048 2146 1097 lutere
2169 1085 2180 1107 ‚
2212 1049 2339 1097 iobis
2369 1051 2459 1098 ob·

295 1112 424 1159 tusis
474 1112 733 1173 foliorum,
762 1114 895 1161 labio
947 1115 1183 1176 superiori
1223 1115 1421 1163 corollae
1451 1113 1646 1163 brevius
1683 1121 1910 1175 rostrato,
1950 1116 2191 1180 calycinis
2229 1115 2458 1165 dentibus

298 1177 558 1241 spiculatis
585 1180 725 1228 facile
745 1180 1050 1243 dignoscitur
1073 1181 1308 1242 (Boissier
1322 1183 1358 1243 ).

298 1262 486 1311 Proeter
506 1263 595 1312 has
623 1263 839 1312 notanda
856 1271 929 1312 est
955 1265 1124 1328 planta
1142 1265 1192 1312 iu
1218 1273 1382 1314 monte
1402 1266 1628 1329 Canigou
1650 1267 1998 1327 Pyrenoeorum
2037 1268 2350 1316 orientalium
2395 1268 2457 1316 ab

229 1328 493 1378 Endressio
516 1331 641 1379 lecta
661 1342 710 1378 et.
738 1332 791 1378 in
810 1331 949 1379 herb.
990 1347 1075 1379 un.
1106 1332 1216 1380 itin.
1243 1332 1441 1380 nomine
1467 1333 1521 1380 P.
1547 1332 1878 1396 asparagoidis
1897 1333 2018 1395 Lap.
2055 1335 2283 1397 signata(
2305 1350 2452 1397 qnam

229 1395 405 1444 dubito
427 1412 591 1445 veram
615 1413 719 1445 esse
736 1398 955 1460 plantam
982 1397 1294 1461 Lapeyrousii
1318 1400 1366 1461 );
1393 1398 1557 1447 differt
1596 1415 1627 1447 a
1661 1399 1718 1447 P.
1764 1403 1958 1448 comosa
1990 1400 2187 1463 vulgari
2210 1403 2455 1466 praecipuc

229 1463 433 1511 corollis
458 1464 826 1513 rubescentibus
851 1483 863 1522 3
890 1464 1077 1519 labium
1100 1465 1200 1513 vidi
1223 1474 1271 1514 et
1292 1466 1542 1514 eciliatum
1570 1474 1618 1514 et
1639 1466 1767 1514 ciliis
1791 1466 1962 1530 paucis
1977 1468 2331 1531 marginatum.

230 1560 415 1616 Series
453 1578 504 1616 v.
548 1562 874 1617 Euenum.
901 1592 972 1601 —
1003 1562 1269 1618 Rostratae
1297 1571 1354 1617 et
1380 1561 1673 1618 Edentulae
1690 1564 1837 1619 Stes.
1862 1578 2005 1618 mon.
2027 1578 2086 1635 p.
2117 1564 2256 1619 30e1
2281 1566 2368 1621 49.
2394 1597 2454 1607 --
2557 1613 2566 1622 .

786 1704 801 1721 .
830 1632 1235 1706 Ryncbolopha
1263 1641 1319 1690 et
1355 1633 1592 1690 Anodon
1635 1634 1849 1705 Bunye.

301 1739 441 1787 Folia
459 1755 642 1802 sparsa.
676 1741 885 1790 Corollae
898 1741 1042 1803 galea
1071 1756 1160 1788 nec
1181 1740 1314 1789 infra
1343 1740 1557 1789 medium
1601 1756 1689 1788 nec
1731 1741 1861 1789 infra
1893 1742 2077 1803 apicem
2110 1739 2335 1791 dentibus
2364 1757 2450 1807 ap-

230 1804 587 1868 pendiculata3
620 1807 807 1855 labium
850 1817 1037 1870 patens.
1064 1835 1129 1843 ——
1155 1806 1403 1870 Separatio
1431 1807 1771 1856 Rostratarum
1812 1814 1861 1855 et
1905 1807 2177 1856 Erostrium
2224 1808 2305 1857 hie
2351 1824 2449 1859 non

232 1873 393 1935 magis
415 1887 562 1935 quam
587 1874 641 1921 in
660 1875 872 1922 seriebus
895 1874 1278 1938 praecedentibus
1303 1889 1417 1923 cum
1443 1876 1618 1922 natura
1639 1874 1900 1923 consentit.

231 1952 278 2033 S
308 1956 361 2013 1.
400 1953 663 2015 Foliosae.
701 1990 781 1999 —
812 1955 997 2017 Caute
1015 1954 1169 2015 elato
1187 1955 1392 2035 solt'ato
1411 1971 1600 2016 erecto
1625 1955 1884 2037 simplici
1905 2002 1926 2027 ,
1952 1955 2115 2034 spicci
2135 1957 2457 2039 multiflm·ci

315 2031 494 2093 deusd
520 2036 611 2095 vel
637 2035 912 2115 elonqata'
939 2036 1107 2115 qaleci
1159 2037 1384 2097 erosm'.
1424 2071 1500 2080 —
1528 2035 1722 2096 Sectio
1774 2036 2034 2098 comesis
2078 2037 2311 2118 affinis,
2351 2058 2456 2098 nec·

314 2134 546 2194 semper
575 2114 845 2175 tinnitibus
876 2116 1047 2178 certis
1079 2115 1366 2176 disn‘ncta.

236 2212 319 2257 63.
350 2209 408 2259 Ρ.
436 2223 793 2262 οοΝυΕΗεΛΤΑ
818 2217 834 2276 (
857 2214 994 2263 Bieb.
1025 2212 1075 2261 fl.
1102 2220 1233 2261 taur.
1261 2228 1398 2261 cauo.
1427 2228 1473 2260 v.
1502 2214 1551 2258 2.
1571 2227 1620 2275 p.
1641 2214 1723 2259 72.
1752 2211 1880 2260 Stev.
1908 2226 2040 2258 mon.
2069 2227 2115 2275 p.
2140 2214 2223 2259 57.
2251 2220 2288 2259 t.
2316 2212 2414 2276 17)
2441 2248 2454 2274 ‚

300 2279 477 2342 glabra
518 2280 596 2328 vel
638 2296 845 2344 superne
886 2281 1074 2345 pilosa,
1100 2281 1234 2329 foliis
1267 2280 1445 2344 amplis
1492 2278 1876 2342 pinnatipartitis
1905 2279 2173 2342 segmentis
2221 2278 2462 2342 profunde

300 2345 632 2407 pinnatifidis,
658 2347 785 2396 iobis
807 2348 1096 2398 lanceolatis
1119 2350 1315 2396 serratis
1361 2346 1614 2404 incisisve,
1662 2345 1915 2394 floralibus
1957 2344 2077 2393 flore
2121 2346 2424 2394 brevioribus
2443 2383 2456 2405 ,

309 2411 441 2474 spica
463 2412 613 2462 densa
628 2415 796 2463 lanata
812 2451 825 2475 ‚
847 2415 1030 2479 calycis
1050 2415 1137 2463 lati
1161 2413 1388 2464 dentibus
1408 2411 1700 2461 abbreviatis
1715 2448 1727 2472 ‚
1757 2412 1952 2460 corollae
1975 2412 2118 2476 galea
2143 2412 2278 2460 brevi
2299 2418 2460 2462 erecta

210 2475 217 2484 “
309 2479 381 2527 vel
426 2480 719 2529 subincurva
738 2482 912 2531 obtusa
935 2481 1096 2530 antice
1119 2481 1290 2530 leviter
1312 2480 1584 2528 curvilinea
1615 2479 1751 2544 apice
1775 2479 2012 2543 angulata
2058 2477 2284 2527 edentula
2325 2479 2460 2530 labio

309 2546 590 2611 aequilonga
614 2548 690 2596 vel
737 2549 883 2612 paulo
914 2548 1154 2596 breviore.
1180 2544 1247 2612 25
1280 2549 1332 2597 in
1375 2547 1568 2610 alpibus
1609 2545 1815 2594 Caucasi
1851 2552 1900 2593 et
1935 2544 2105 2594 Iberioe
2145 2544 2455 2610 (Ledebourl

309 2613 573 2660 Wilmsen!
596 2614 632 2675 ).
661 2613 717 2661 P.
745 2615 1118 2679 Dollingeriana
1132 2614 1339 2664 Nordm.
1363 2630 1425 2662 ex
1449 2611 1647 2662 Ledeb.!
1672 2614 1723 2662 in
1747 2612 1888 2662 herb.
1912 2611 2126 2661 Hooker.
2155 2612 2212 2660 P.
2235 2620 2459 2677 atropur-

306 2694 460 2741 putea
480 2678 690 2727 Nordm.
719 2696 779 2728 ex
804 2681 972 2746 diagn.
996 2679 1047 2730 in
1076 2682 1237 2745 Walp.
1282 2697 1382 2745 rep.
1429 2685 1478 2729 3.
1522 2696 1570 2743 p.
1614 2680 1732 2727 429.
1754 2680 1798 2727 A
1821 2679 1882 2728 P.
1930 2679 2105 2727 foliosa
2141 2677 2303 2727 differt
2327 2681 2461 2744 spica

308 2746 487 2809 saepius
530 2745 674 2795 dense
712 2746 875 2795 lanata
896 2756 944 2796 et
979 2747 1110 2797 foliis
1154 2748 1407 2797 floralibus
1453 2762 1551 2795 non
1589 2746 1808 2796 exsertis.
1856 2744 2053 2794 Corolla
2091 2744 2344 2793 simillima
2377 2747 2460 2794 sed

304 2818 587 2861 constanter
603 2814 902 2877 glaberrima
923 2849 935 2872 ,
962 2821 1012 2863 et
1030 2815 1173 2880 galea
1212 2814 1357 2878 paulo
1379 2812 1655 2878 angustior.
1681 2813 1857 2861 Variat
1881 2812 2016 2875 spica
2042 2811 2274 2875 elongata
2310 2814 2456 2861 semi·

294 2878 466 2943 pedali
491 2880 687 2943 parcius
711 2880 877 2929 lanata
899 2881 975 2929 vel
999 2882 1277 2930 abbreviata
1305 2881 1590 2929 densissime
1614 2880 1796 2928 lanata.
1825 2880 1905 2941 (v.
1933 2895 1974 2926 s.
2003 2877 2021 2940 )

154 2962 321 3028 264.
362 2961 420 3009 P.
458 2974 692 3011 romoss
714 2963 912 3026 (Linnl
940 2971 1093 3011 mant.
1139 2980 1186 3026 p.
1234 2966 1315 3012 86.
1344 2961 1496 3012 Stev.!
1526 2978 1658 3012 mon.
1692 2978 1741 3025 p.
1786 2961 1910 3024 56),
1948 2960 2126 3023 glabra
2145 2959 2222 3008 vel
2251 2975 2459 3025 superne

304 3027 461 3090 pilosa
475 3064 487 3086 ,
524 3029 657 3077 foliis
679 3031 856 3094 amplis
875 3030 1260 3094 pinnatipartitis
1276 3066 1288 3090 ,
1317 3029 1581 3093 segmentis
1624 3027 1860 3092 profunde
1881 3025 2182 3090 pinnatifidis
2205 3026 2331 3075 lobis
2352 3027 2459 3076 lan·

302 3094 503 3143 ceolatis
532 3096 857 3145 linearibusve
877 3099 1074 3145 serratis
1093 3097 1347 3154 incisisve,
1373 3096 1506 3160 spica
1530 3095 1678 3144 densa
1695 3094 1889 3153 foliata,
1923 3093 2105 3157 calycis
2127 3093 2215 3141 lati
2232 3093 2458 3143 dentibus

304 3160 628 3221 abbreviatis,
673 3164 869 3214 corollae
897 3165 1038 3228 galea
1071 3164 1205 3212 brevi
1249 3163 1454 3212 incurva
1487 3164 1660 3210 obtusa
1704 3161 2044 3209 subeueunata
2082 3160 2242 3209 antice
2284 3161 2459 3210 leviter

301 3227 575 3277 curvilineii
605 3229 735 3278 labio
758 3231 1035 3294 oequilonga
1056 3233 1132 3282 vel
1154 3232 1300 3293 paulo
1318 3230 1554 3278 breviore.
1575 3225 1643 3292 Ἡ
1665 3228 1716 3276 in
1735 3227 1971 3276 montosis
2007 3227 2212 3291 Europes
2235 3227 2407 3277 media
2430 3245 2460 3278 a

296 3295 546 3357 Pyrenaeis
568 3303 616 3344 et
638 3313 788 3362 regno
827 3298 1056 3360 neapolit.
1083 3299 1101 3361 (
1123 3298 1302 3359 'l'en.!)
1330 3311 1483 3359 usque
1507 3295 1569 3343 ad
1601 3295 1873 3345 Ukraniam
1895 3293 2128 3355 (Fischer
2148 3294 2160 3341 1
2193 3301 2205 3352 J
2231 3301 2278 3343 et
2301 3294 2460 3345 Podo-

301 3361 420 3409 liam
444 3364 460 3425 (
480 3361 682 3412 Besserl
709 3367 723 3426 >¹
749 3393 812 3401 —-
833 3366 973 3427 Jacq.
1002 3363 1054 3414 fl.
1082 3372 1235 3414 austr.
1256 3372 1293 3413 t.
1322 3364 1433 3411 139.
1459 3362 1519 3410 Ρ.
1545 3362 1762 3410 Sumana
1784 3360 1909 3410 Poll.
1937 3361 1988 3408 h.
2014 3367 2062 3408 et
2085 3374 2225 3423 prov.
2253 3361 2320 3424 pl.
2341 3378 2455 3412 nov.

298 3444 349 3491 p.
374 3430 452 3476 16.
476 3428 532 3477 P.
550 3431 807 3494 Hacquetii
823 3428 984 3481 Gras.l
1004 3432 1055 3480 in
1074 3432 1177 3480 bot.
1204 3433 1314 3480 zeit.
1340 3429 1488 3478 1834.
1507 3446 1554 3492 p.
1573 3432 1656 3477 40.
1681 3429 1844 3477 Herba
1861 3427 2160 3490 l-3·peclalis.
2175 3428 2315 3477 Folia
2331 3429 2460 3478 radi-

301 3495 428 3543 calia
442 3497 686 3548 interdum
704 3499 914 3564 pedalia.
936 3497 1460 3563 Spica3·G·pollicaris.
1483 3496 1623 3545 Folia
1641 3495 1832 3544 floralia
1850 3494 2016 3543 omnia
2036 3492 2178 3543 flores
2200 3495 2455 3555 excedunt,

300 3563 590 3625 pinnatifida
622 3568 696 3615 vel
730 3567 1127 3630 pinnati-partita
1155 3567 1233 3614 vel
1265 3565 1428 3614 rarius
1473 3563 1722 3626 superiora
1754 3561 2049 3609 abbreviata.
2095 3561 2254 3625 Calyx
2295 3564 2325 3610 4
2365 3563 2455 3611 lin.

300 3629 497 3692 longus.
525 3632 722 3682 Corolla
740 3634 1003 3696 sulphurea
1025 3635 1147 3681 9-12
1172 3632 1261 3680 lin.
1296 3633 1475 3694 longa,
1497 3629 1639 3693 galea
1655 3629 1760 3677 basi
1786 3627 1838 3675 in
1867 3628 2056 3676 faucem
2083 3629 2296 3691 amplam
2328 3629 2454 3679 dila·

300 3703 426 3755 tata,
455 3700 631 3761 saepius
678 3700 739 3748 acl
783 3700 939 3748 latera
971 3701 1048 3748 vel
1073 3698 1288 3762 undique
1310 3709 1455 3748 extus
1497 3697 1707 3759 pilosula
1743 3695 1816 3742 vel
1843 3694 2048 3752 villosa,
2088 3696 2333 3744 rarissime
2367 3698 2458 3759 (an

298 3764 581 3825 unquam?)
605 3768 806 3815 omnino
829 3768 1006 3831 glabra
1025 3803 1037 3824 ‚
1066 3767 1190 3830 pilos
1214 3766 1344 3814 enim
1369 3763 1634 3813 nonnullos
1677 3761 1779 3810 vidi
1817 3763 1964 3809 etiam
2014 3762 2066 3808 in
2107 3763 2457 3825 speciminibus

299 3829 543 3879 Gratianis
567 3832 623 3880 Ρ.
650 3833 929 3896 Hacquatii.
957 3834 1135 3882 Variat
1155 3833 1301 3882 etiam
1324 3832 1493 3894 calyce
1515 3830 1829 3895 glaberrimo.
1855 3833 1923 3890 (v.
1949 3827 2012 3889 s.)

362 3919 412 3982 β.
452 3915 987 3978 eoealtaea(Besse1-!)‚
1040 3917 1172 3980 spica
1218 3916 1480 3978 elongata,
1530 3912 1663 3960 soliis
1706 3910 1960 3960 floralibus
2007 3909 2170 3987 minus
2212 3910 2451 3969 exsertis,

431 3980 616 4108 ‹gel-yios?
628 3981 1175 4112 gffbtfbssgffsoemubus
1194 3981 1425 4043 utrinque
1450 3978 1824 4029 confluentibus.
1855 3978 1912 4026 In
1942 3974 2142 4024 Podoha
2161 3975 2359 4036 (Besser
2379 3975 2390 4022 !
2413 3977 2449 4037 ).

230 4133 313 4180 ⁶5.
352 4129 410 4180 P.
450 4131 893 4183 &Vnam-:numana
915 4131 1086 4198 (Stev.!
1114 4149 1247 4184 mon.
1282 4149 1329 4200 p.
1357 4135 1440 4181 55.
1462 4139 1498 4182 t.
1535 4130 1649 4194 16),
1677 4142 1882 4194 superne
1912 4127 2022 4176 laxe
2047 4125 2288 4190 pilosum,
2315 4121 2448 4172 foliis
