<?xml version="1.0" encoding="UTF-8"?>
<!DOCTYPE html PUBLIC "-//W3C//DTD XHTML 1.0 Transitional//EN"
    "http://www.w3.org/TR/xhtml1/DTD/xhtml1-transitional.dtd">
<html xmlns="http://www.w3.org/1999/xhtml" xml:lang="en" lang="en">
 <head>
  <title>
</title>
<meta http-equiv="Content-Type" content="text/html;charset=utf-8" />
  <meta name='ocr-system' content='tesseract 3.04.00' />
  <meta name='ocr-capabilities' content='ocr_page ocr_carea ocr_par ocr_line ocrx_word'/>
</head>
<body>
  <div class='ocr_page' id='page_1' title='image "./prodromussystem31candgoog_0529.png"; bbox 0 0 2808 4538; ppageno 0'>
   <div class='ocr_carea' id='block_1_1' title="bbox 1596 2 2440 7">
    <p class='ocr_par' dir='ltr' id='par_1_1' title="bbox 1596 2 2440 7">
     <span class='ocr_line' id='line_1_1' title="bbox 1596 2 2440 7; baseline 0 0"><span class='ocrx_word' id='word_1_1' title='bbox 1596 2 2440 7; x_wconf 95' lang='lat' dir='ltr'> </span> 
     </span>
    </p>
   </div>
   <div class='ocr_carea' id='block_1_2' title="bbox 583 3 1279 6">
    <p class='ocr_par' dir='ltr' id='par_1_2' title="bbox 583 3 1279 6">
     <span class='ocr_line' id='line_1_2' title="bbox 583 3 1279 6; baseline 0 0"><span class='ocrx_word' id='word_1_2' title='bbox 583 3 1279 6; x_wconf 95' lang='lat' dir='ltr'> </span> 
     </span>
    </p>
   </div>
   <div class='ocr_carea' id='block_1_3' title="bbox 224 291 2453 380">
    <p class='ocr_par' dir='ltr' id='par_1_3' title="bbox 224 244 2453 380">
     <span class='ocr_line' id='line_1_3' title="bbox 224 291 2453 380; baseline 0.002 -29"><span class='ocrx_word' id='word_1_3' title='bbox 224 317 527 354; x_wconf 65' lang='lat' dir='ltr'>omarus.</span> <span class='ocrx_word' id='word_1_4' title='bbox 665 291 1548 358; x_wconf 84' lang='lat' dir='ltr'><strong>SCROPHULARIACEAE</strong></span> <span class='ocrx_word' id='word_1_5' title='bbox 1597 292 1842 380; x_wconf 69' lang='lat' dir='ltr'>(Aneros</span> <span class='ocrx_word' id='word_1_6' title='bbox 1865 306 2104 355; x_wconf 82' lang='lat' dir='ltr'><strong>BENTH.</strong></span> <span class='ocrx_word' id='word_1_7' title='bbox 2122 294 2161 378; x_wconf 88' lang='lat'>).</span> <span class='ocrx_word' id='word_1_8' title='bbox 2319 294 2453 358; x_wconf 85' lang='lat'>517</span> 
     </span>
    </p>
   </div>
   <div class='ocr_carea' id='block_1_4' title="bbox 290 403 2452 671">
    <p class='ocr_par' dir='ltr' id='par_1_4' title="bbox 290 403 2452 671">
     <span class='ocr_line' id='line_1_4' title="bbox 290 403 2450 471; baseline 0.002 -17"><span class='ocrx_word' id='word_1_9' title='bbox 290 407 482 454; x_wconf 77' lang='lat' dir='ltr'>erectis.</span> <span class='ocrx_word' id='word_1_10' title='bbox 509 407 649 455; x_wconf 83' lang='lat' dir='ltr'>Folia</span> <span class='ocrx_word' id='word_1_11' title='bbox 671 407 861 457; x_wconf 83' lang='lat' dir='ltr'>floralia</span> <span class='ocrx_word' id='word_1_12' title='bbox 880 408 1110 471; x_wconf 86' lang='lat' dir='ltr'>pleraque</span> <span class='ocrx_word' id='word_1_13' title='bbox 1145 407 1289 457; x_wconf 72' lang='lat' dir='ltr'>floms</span> <span class='ocrx_word' id='word_1_14' title='bbox 1321 407 1676 470; x_wconf 65' lang='lat' dir='ltr'>subsequentia.</span> <span class='ocrx_word' id='word_1_15' title='bbox 1708 406 1874 455; x_wconf 84' lang='lat' dir='ltr'>Flores</span> <span class='ocrx_word' id='word_1_16' title='bbox 1918 403 2140 466; x_wconf 76' lang='lat' dir='ltr'>dissecti,</span> <span class='ocrx_word' id='word_1_17' title='bbox 2169 409 2345 458; x_wconf 89' lang='lat' dir='ltr'>alterni</span> <span class='ocrx_word' id='word_1_18' title='bbox 2376 410 2450 459; x_wconf 74' lang='lat' dir='ltr'>vel</span> 
     </span>
     <span class='ocr_line' id='line_1_5' title="bbox 290 470 2448 538; baseline 0.002 -18"><span class='ocrx_word' id='word_1_19' title='bbox 290 471 544 522; x_wconf 76' lang='lat' dir='ltr'>inferiores</span> <span class='ocrx_word' id='word_1_20' title='bbox 591 475 819 538; x_wconf 86' lang='lat' dir='ltr'>oppositi.</span> <span class='ocrx_word' id='word_1_21' title='bbox 863 474 1060 523; x_wconf 87' lang='lat' dir='ltr'>Corolla</span> <span class='ocrx_word' id='word_1_22' title='bbox 1090 476 1175 522; x_wconf 79' lang='grc'>6-8</span> <span class='ocrx_word' id='word_1_23' title='bbox 1220 474 1312 522; x_wconf 82' lang='lat' dir='ltr'>lin.</span> <span class='ocrx_word' id='word_1_24' title='bbox 1351 475 1533 537; x_wconf 83' lang='lat' dir='ltr'>longa,</span> <span class='ocrx_word' id='word_1_25' title='bbox 1566 474 1707 522; x_wconf 77' lang='lat' dir='ltr'>fauce</span> <span class='ocrx_word' id='word_1_26' title='bbox 1752 490 1926 538; x_wconf 81' lang='lat' dir='ltr'>parum</span> <span class='ocrx_word' id='word_1_27' title='bbox 1986 475 2246 538; x_wconf 66' lang='lat' dir='ltr'>ampliata,</span> <span class='ocrx_word' id='word_1_28' title='bbox 2295 470 2448 525; x_wconf 86' lang='lat' dir='ltr'>limb&#39;o</span> 
     </span>
     <span class='ocr_line' id='line_1_6' title="bbox 291 540 2452 605; baseline 0.002 -18"><span class='ocrx_word' id='word_1_29' title='bbox 291 540 510 603; x_wconf 88' lang='lat' dir='ltr'>obliquo.</span> <span class='ocrx_word' id='word_1_30' title='bbox 538 541 753 605; x_wconf 83' lang='lat' dir='ltr'>Capsula</span> <span class='ocrx_word' id='word_1_31' title='bbox 783 543 873 589; x_wconf 85' lang='lat'>3-4</span> <span class='ocrx_word' id='word_1_32' title='bbox 894 541 985 590; x_wconf 89' lang='lat' dir='ltr'>liu.</span> <span class='ocrx_word' id='word_1_33' title='bbox 1020 543 1196 605; x_wconf 86' lang='lat' dir='ltr'>longa,</span> <span class='ocrx_word' id='word_1_34' title='bbox 1222 542 1395 590; x_wconf 88' lang='lat' dir='ltr'>obtusa</span> <span class='ocrx_word' id='word_1_35' title='bbox 1420 540 1494 588; x_wconf 76' lang='lat' dir='ltr'>vel</span> <span class='ocrx_word' id='word_1_36' title='bbox 1516 542 1846 604; x_wconf 82' lang='lat' dir='ltr'>emarginata,</span> <span class='ocrx_word' id='word_1_37' title='bbox 1876 540 2086 591; x_wconf 76' lang='lat' dir='ltr'>valvulis</span> <span class='ocrx_word' id='word_1_38' title='bbox 2112 542 2193 589; x_wconf 75' lang='lat' dir='ltr'>vix</span> <span class='ocrx_word' id='word_1_39' title='bbox 2220 542 2452 593; x_wconf 87' lang='lat' dir='ltr'>coriaceis</span> 
     </span>
     <span class='ocr_line' id='line_1_7' title="bbox 292 607 1142 671; baseline 0.002 -17"><span class='ocrx_word' id='word_1_40' title='bbox 292 607 516 670; x_wconf 79' lang='lat' dir='ltr'>integris.</span> <span class='ocrx_word' id='word_1_41' title='bbox 542 607 742 657; x_wconf 86' lang='lat' dir='ltr'>Semina</span> <span class='ocrx_word' id='word_1_42' title='bbox 764 623 931 671; x_wconf 78' lang='lat' dir='ltr'>parva.</span> <span class='ocrx_word' id='word_1_43' title='bbox 959 608 1035 670; x_wconf 82' lang='lat' dir='ltr'>(v.</span> <span class='ocrx_word' id='word_1_44' title='bbox 1061 609 1142 670; x_wconf 83' lang='lat' dir='ltr'>s.)</span> 
     </span>
    </p>
   </div>
   <div class='ocr_carea' id='block_1_5' title="bbox 228 702 2453 868">
    <p class='ocr_par' dir='ltr' id='par_1_5' title="bbox 228 702 2453 868">
     <span class='ocr_line' id='line_1_8' title="bbox 228 702 2441 786; baseline 0.003 -23"><span class='ocrx_word' id='word_1_45' title='bbox 228 702 274 782; x_wconf 72' lang='lat' dir='ltr'>S</span> <span class='ocrx_word' id='word_1_46' title='bbox 314 708 366 763; x_wconf 85' lang='lat'>3.</span> <span class='ocrx_word' id='word_1_47' title='bbox 422 702 895 786; x_wconf 76' lang='lat' dir='ltr'>Campauillorae.</span> <span class='ocrx_word' id='word_1_48' title='bbox 924 739 1001 749; x_wconf 96' lang='lat'><strong>—</strong></span> <span class='ocrx_word' id='word_1_49' title='bbox 1021 702 1235 766; x_wconf 83' lang='lat' dir='ltr'>Herboe</span> <span class='ocrx_word' id='word_1_50' title='bbox 1263 723 1470 765; x_wconf 72' lang='lat' dir='ltr'>armum</span> <span class='ocrx_word' id='word_1_51' title='bbox 1495 703 2106 766; x_wconf 76' lang='lat' dir='ltr'>boreali-Americanae</span> <span class='ocrx_word' id='word_1_52' title='bbox 2147 707 2239 767; x_wconf 78' lang='lat' dir='ltr'>vel</span> <span class='ocrx_word' id='word_1_53' title='bbox 2259 707 2318 767; x_wconf 79' lang='lat' dir='ltr'>in</span> <span class='ocrx_word' id='word_1_54' title='bbox 2337 707 2441 769; x_wconf 75' lang='lat' dir='ltr'>ius.</span> 
     </span>
     <span class='ocr_line' id='line_1_9' title="bbox 306 780 2453 868; baseline 0.003 -26"><span class='ocrx_word' id='word_1_55' title='bbox 306 780 492 843; x_wconf 76' lang='lat' dir='ltr'>Indioe</span> <span class='ocrx_word' id='word_1_56' title='bbox 518 784 886 846; x_wconf 73' lang='lat' dir='ltr'>occidentalis</span> <span class='ocrx_word' id='word_1_57' title='bbox 907 799 1241 847; x_wconf 76' lang='lat' dir='ltr'><em>crescentes.</em></span> <span class='ocrx_word' id='word_1_58' title='bbox 1276 784 1517 847; x_wconf 63' lang='lat' dir='ltr'>Corolia</span> <span class='ocrx_word' id='word_1_59' title='bbox 1538 783 1666 847; x_wconf 82' lang='lat' dir='ltr'>basi</span> <span class='ocrx_word' id='word_1_60' title='bbox 1698 785 1948 846; x_wconf 78' lang='lat' dir='ltr'>breviter</span> <span class='ocrx_word' id='word_1_61' title='bbox 1974 784 2261 857; x_wconf 63' lang='lat' dir='ltr'>mentesa,</span> <span class='ocrx_word' id='word_1_62' title='bbox 2284 786 2453 868; x_wconf 78' lang='lat' dir='ltr'>fauce</span> 
     </span>
    </p>
   </div>
   <div class='ocr_carea' id='block_1_6' title="bbox 312 864 2169 948">
    <p class='ocr_par' dir='ltr' id='par_1_6' title="bbox 312 864 2169 948">
     <span class='ocr_line' id='line_1_10' title="bbox 312 864 2169 948; baseline 0.001 -23"><span class='ocrx_word' id='word_1_63' title='bbox 312 864 515 945; x_wconf 76' lang='lat' dir='ltr'>ampla</span> <span class='ocrx_word' id='word_1_64' title='bbox 543 865 951 946; x_wconf 78' lang='lat' dir='ltr'><strong><em>campanulum</em></strong></span> <span class='ocrx_word' id='word_1_65' title='bbox 970 914 992 939; x_wconf 87' lang='lat'>,</span> <span class='ocrx_word' id='word_1_66' title='bbox 1022 880 1189 924; x_wconf 74' lang='lat' dir='ltr'>emtus</span> <span class='ocrx_word' id='word_1_67' title='bbox 1218 864 1426 946; x_wconf 76' lang='lat' dir='ltr'>qlabra</span> <span class='ocrx_word' id='word_1_68' title='bbox 1453 865 1544 927; x_wconf 78' lang='lat' dir='ltr'>vel</span> <span class='ocrx_word' id='word_1_69' title='bbox 1572 865 1819 925; x_wconf 72' lang='lat' dir='ltr'>temtiter</span> <span class='ocrx_word' id='word_1_70' title='bbox 1840 865 2169 948; x_wconf 73' lang='lat' dir='ltr'><em>pubescens.</em></span> 
     </span>
    </p>
   </div>
   <div class='ocr_carea' id='block_1_7' title="bbox 234 961 2454 1227">
    <p class='ocr_par' dir='ltr' id='par_1_7' title="bbox 234 961 2454 1227">
     <span class='ocr_line' id='line_1_11' title="bbox 234 961 2450 1026; baseline 0.003 -19"><span class='ocrx_word' id='word_1_71' title='bbox 234 961 310 1009; x_wconf 90' lang='lat' dir='ltr'>ll.</span> <span class='ocrx_word' id='word_1_72' title='bbox 347 962 408 1009; x_wconf 71' lang='grc' dir='ltr'><strong>(ι’.</strong></span> <span class='ocrx_word' id='word_1_73' title='bbox 432 974 881 1010; x_wconf 68' lang='grc' dir='ltr'>ῑιετειιοιἮΥιιΑ</span> <span class='ocrx_word' id='word_1_74' title='bbox 906 963 1097 1025; x_wconf 70' lang='lat' dir='ltr'>(Nun-,l</span> <span class='ocrx_word' id='word_1_75' title='bbox 1124 974 1275 1011; x_wconf 80' lang='lat' dir='ltr'>trans.</span> <span class='ocrx_word' id='word_1_76' title='bbox 1303 977 1454 1010; x_wconf 82' lang='lat' dir='ltr'>amer.</span> <span class='ocrx_word' id='word_1_77' title='bbox 1493 962 1614 1026; x_wconf 86' lang='lat' dir='ltr'>phil.</span> <span class='ocrx_word' id='word_1_78' title='bbox 1643 978 1740 1010; x_wconf 69' lang='lat' dir='ltr'>soc.</span> <span class='ocrx_word' id='word_1_79' title='bbox 1763 967 1811 1008; x_wconf 78' lang='grc'>5.</span> <span class='ocrx_word' id='word_1_80' title='bbox 1840 978 1889 1026; x_wconf 88' lang='lat' dir='ltr'>p.</span> <span class='ocrx_word' id='word_1_81' title='bbox 1921 963 2042 1010; x_wconf 77' lang='lat'>180·</span> <span class='ocrx_word' id='word_1_82' title='bbox 2067 1000 2078 1010; x_wconf 87' lang='lat'><strong>.</strong></span> <span class='ocrx_word' id='word_1_83' title='bbox 2106 963 2306 1025; x_wconf 78' lang='lat' dir='ltr'>glabra,</span> <span class='ocrx_word' id='word_1_84' title='bbox 2353 966 2450 1013; x_wconf 83' lang='lat' dir='ltr'>vir-</span> 
     </span>
     <span class='ocr_line' id='line_1_12' title="bbox 292 1029 2450 1094; baseline 0.001 -17"><span class='ocrx_word' id='word_1_85' title='bbox 292 1035 417 1094; x_wconf 72' lang='lat' dir='ltr'>gato</span> <span class='ocrx_word' id='word_1_86' title='bbox 429 1031 789 1081; x_wconf 76' lang='lat' dir='ltr'>ramosissima.</span> <span class='ocrx_word' id='word_1_87' title='bbox 819 1030 949 1078; x_wconf 81' lang='lat' dir='ltr'>foliis</span> <span class='ocrx_word' id='word_1_88' title='bbox 973 1029 1273 1078; x_wconf 84' lang='lat' dir='ltr'>radicalibns</span> <span class='ocrx_word' id='word_1_89' title='bbox 1299 1029 1414 1077; x_wconf 78' lang='lat' dir='ltr'>latis</span> <span class='ocrx_word' id='word_1_90' title='bbox 1436 1029 1603 1078; x_wconf 86' lang='lat' dir='ltr'>incisis</span> <span class='ocrx_word' id='word_1_91' title='bbox 1622 1030 1834 1078; x_wconf 78' lang='lat' dir='ltr'>caulinis</span> <span class='ocrx_word' id='word_1_92' title='bbox 1857 1029 2123 1078; x_wconf 74' lang='lat' dir='ltr'>linearibus</span> <span class='ocrx_word' id='word_1_93' title='bbox 2143 1031 2220 1078; x_wconf 86' lang='lat' dir='ltr'>vel</span> <span class='ocrx_word' id='word_1_94' title='bbox 2249 1030 2421 1079; x_wconf 82' lang='lat' dir='ltr'>lineari</span> <span class='ocrx_word' id='word_1_95' title='bbox 2430 1061 2450 1069; x_wconf 94' lang='lat'>-</span> 
     </span>
     <span class='ocr_line' id='line_1_13' title="bbox 296 1096 2454 1162; baseline 0.002 -18"><span class='ocrx_word' id='word_1_96' title='bbox 296 1096 579 1145; x_wconf 80' lang='lat' dir='ltr'>lanceolatis</span> <span class='ocrx_word' id='word_1_97' title='bbox 616 1098 773 1144; x_wconf 88' lang='lat' dir='ltr'>acutis</span> <span class='ocrx_word' id='word_1_98' title='bbox 809 1097 982 1161; x_wconf 78' lang='lat' dir='ltr'>rigidis</span> <span class='ocrx_word' id='word_1_99' title='bbox 1017 1097 1240 1157; x_wconf 70' lang='lat' dir='ltr'>margine</span> <span class='ocrx_word' id='word_1_100' title='bbox 1285 1096 1501 1149; x_wconf 75' lang='lat' dir='ltr'>scabris,</span> <span class='ocrx_word' id='word_1_101' title='bbox 1549 1096 1796 1158; x_wconf 74' lang='lat' dir='ltr'>calycibus</span> <span class='ocrx_word' id='word_1_102' title='bbox 1831 1096 2174 1157; x_wconf 65' lang='lat' dir='ltr'>subsessilibus</span> <span class='ocrx_word' id='word_1_103' title='bbox 2203 1098 2454 1162; x_wconf 80' lang='lat' dir='ltr'>angulatis</span> 
     </span>
     <span class='ocr_line' id='line_1_14' title="bbox 295 1162 2453 1227; baseline 0.001 -17"><span class='ocrx_word' id='word_1_104' title='bbox 295 1162 523 1210; x_wconf 73' lang='lat' dir='ltr'>dentibus</span> <span class='ocrx_word' id='word_1_105' title='bbox 563 1163 863 1221; x_wconf 72' lang='lat' dir='ltr'>acutissimis</span> <span class='ocrx_word' id='word_1_106' title='bbox 905 1165 1022 1211; x_wconf 83' lang='lat' dir='ltr'>tubo</span> <span class='ocrx_word' id='word_1_107' title='bbox 1068 1178 1156 1211; x_wconf 86' lang='lat' dir='ltr'>suo</span> <span class='ocrx_word' id='word_1_108' title='bbox 1208 1176 1380 1225; x_wconf 85' lang='lat' dir='ltr'>parum</span> <span class='ocrx_word' id='word_1_109' title='bbox 1422 1162 1756 1221; x_wconf 79' lang='lat' dir='ltr'>brevioribus,</span> <span class='ocrx_word' id='word_1_110' title='bbox 1795 1163 1992 1210; x_wconf 85' lang='lat' dir='ltr'>corollis</span> <span class='ocrx_word' id='word_1_111' title='bbox 2022 1170 2162 1211; x_wconf 78' lang='lat' dir='ltr'>extus</span> <span class='ocrx_word' id='word_1_112' title='bbox 2202 1163 2453 1227; x_wconf 83' lang='lat' dir='ltr'>puberulis</span> 
     </span>
    </p>
   </div>
   <div class='ocr_carea' id='block_1_8' title="bbox 289 1226 2536 1298">
    <p class='ocr_par' dir='ltr' id='par_1_8' title="bbox 289 1226 2536 1298">
     <span class='ocr_line' id='line_1_15' title="bbox 289 1226 2536 1298; baseline 0.001 -20"><span class='ocrx_word' id='word_1_113' title='bbox 289 1230 720 1292; x_wconf 80' lang='lat' dir='ltr'>margineciliatis.</span> <span class='ocrx_word' id='word_1_114' title='bbox 744 1226 817 1298; x_wconf 69' lang='lat' dir='ltr'>(D</span> <span class='ocrx_word' id='word_1_115' title='bbox 836 1230 1029 1279; x_wconf 66' lang='lat' dir='ltr'>interra</span> <span class='ocrx_word' id='word_1_116' title='bbox 1049 1228 1613 1291; x_wconf 85' lang='lat' dir='ltr'>Arkansas(Nuttall!in</span> <span class='ocrx_word' id='word_1_117' title='bbox 1629 1229 1681 1277; x_wconf 90' lang='lat' dir='ltr'>h.</span> <span class='ocrx_word' id='word_1_118' title='bbox 1705 1229 1847 1289; x_wconf 68' lang='lat' dir='ltr'>DQ),</span> <span class='ocrx_word' id='word_1_119' title='bbox 1871 1229 2031 1277; x_wconf 78' lang='lat' dir='ltr'>Texus</span> <span class='ocrx_word' id='word_1_120' title='bbox 2050 1229 2404 1291; x_wconf 79' lang='lat' dir='ltr'>(Drununondl</span> <span class='ocrx_word' id='word_1_121' title='bbox 2436 1269 2448 1280; x_wconf 93' lang='lat'><strong>.</strong></span> <span class='ocrx_word' id='word_1_122' title='bbox 2529 1288 2536 1297; x_wconf 33' lang='grc' dir='ltr'>Ι</span> 
     </span>
    </p>
   </div>
   <div class='ocr_carea' id='block_1_9' title="bbox 291 1296 2453 1427">
    <p class='ocr_par' dir='ltr' id='par_1_9' title="bbox 291 1296 2453 1427">
     <span class='ocr_line' id='line_1_16' title="bbox 292 1296 2453 1361; baseline 0 -17"><span class='ocrx_word' id='word_1_123' title='bbox 292 1296 458 1344; x_wconf 83' lang='lat' dir='ltr'>Herba</span> <span class='ocrx_word' id='word_1_124' title='bbox 479 1296 741 1360; x_wconf 83' lang='lat' dir='ltr'>bipedalis,</span> <span class='ocrx_word' id='word_1_125' title='bbox 761 1296 941 1361; x_wconf 80' lang='lat' dir='ltr'>rigida.</span> <span class='ocrx_word' id='word_1_126' title='bbox 968 1297 1111 1346; x_wconf 81' lang='lat' dir='ltr'>Folia</span> <span class='ocrx_word' id='word_1_127' title='bbox 1137 1302 1350 1356; x_wconf 80' lang='lat' dir='ltr'>arrecta,</span> <span class='ocrx_word' id='word_1_128' title='bbox 1376 1296 1751 1359; x_wconf 78' lang='lat' dir='ltr'>semipollicaria</span> <span class='ocrx_word' id='word_1_129' title='bbox 1785 1297 1862 1344; x_wconf 77' lang='lat' dir='ltr'>vel</span> <span class='ocrx_word' id='word_1_130' title='bbox 1887 1311 1999 1344; x_wconf 86' lang='lat' dir='ltr'>raro</span> <span class='ocrx_word' id='word_1_131' title='bbox 2021 1296 2305 1359; x_wconf 72' lang='lat' dir='ltr'>pomoeria,</span> <span class='ocrx_word' id='word_1_132' title='bbox 2329 1298 2453 1346; x_wconf 82' lang='lat' dir='ltr'>inse-</span> 
     </span>
     <span class='ocr_line' id='line_1_17' title="bbox 291 1362 2446 1427; baseline 0.001 -16"><span class='ocrx_word' id='word_1_133' title='bbox 291 1362 423 1411; x_wconf 87' lang='lat' dir='ltr'>riora</span> <span class='ocrx_word' id='word_1_134' title='bbox 448 1364 511 1427; x_wconf 91' lang='lat' dir='ltr'>(a</span> <span class='ocrx_word' id='word_1_135' title='bbox 536 1379 614 1412; x_wconf 89' lang='lat' dir='ltr'>me</span> <span class='ocrx_word' id='word_1_136' title='bbox 637 1379 735 1413; x_wconf 87' lang='lat' dir='ltr'>non</span> <span class='ocrx_word' id='word_1_137' title='bbox 759 1365 893 1425; x_wconf 74' lang='lat' dir='ltr'>visa)</span> <span class='ocrx_word' id='word_1_138' title='bbox 918 1363 1085 1413; x_wconf 86' lang='lat' dir='ltr'>trifida</span> <span class='ocrx_word' id='word_1_139' title='bbox 1103 1365 1180 1412; x_wconf 78' lang='lat' dir='ltr'>vel</span> <span class='ocrx_word' id='word_1_140' title='bbox 1204 1363 1454 1427; x_wconf 78' lang='lat' dir='ltr'>laqiniata.</span> <span class='ocrx_word' id='word_1_141' title='bbox 1501 1364 1666 1411; x_wconf 80' lang='lat' dir='ltr'>Flores</span> <span class='ocrx_word' id='word_1_142' title='bbox 1708 1363 1857 1425; x_wconf 75' lang='lat' dir='ltr'>vulgo</span> <span class='ocrx_word' id='word_1_143' title='bbox 1895 1363 2066 1411; x_wconf 79' lang='lat' dir='ltr'>alterni</span> <span class='ocrx_word' id='word_1_144' title='bbox 2088 1398 2099 1422; x_wconf 94' lang='lat'>,</span> <span class='ocrx_word' id='word_1_145' title='bbox 2148 1364 2414 1414; x_wconf 75' lang='lat' dir='ltr'>subi-emoti</span> <span class='ocrx_word' id='word_1_146' title='bbox 2435 1403 2446 1419; x_wconf 87' lang='lat'><strong>.</strong></span> 
     </span>
    </p>
   </div>
   <div class='ocr_carea' id='block_1_10' title="bbox 288 1429 2551 1495">
    <p class='ocr_par' dir='ltr' id='par_1_10' title="bbox 288 1429 2551 1495">
     <span class='ocr_line' id='line_1_18' title="bbox 288 1429 2551 1495; baseline 0.002 -17"><span class='ocrx_word' id='word_1_147' title='bbox 288 1429 387 1478; x_wconf 82' lang='lat' dir='ltr'>late</span> <span class='ocrx_word' id='word_1_148' title='bbox 409 1431 740 1492; x_wconf 81' lang='lat' dir='ltr'>campanulati</span> <span class='ocrx_word' id='word_1_149' title='bbox 756 1466 770 1487; x_wconf 92' lang='lat'>,</span> <span class='ocrx_word' id='word_1_150' title='bbox 796 1445 945 1494; x_wconf 87' lang='lat' dir='ltr'>quam</span> <span class='ocrx_word' id='word_1_151' title='bbox 967 1431 1020 1478; x_wconf 89' lang='lat' dir='ltr'>in</span> <span class='ocrx_word' id='word_1_152' title='bbox 1044 1430 1108 1480; x_wconf 87' lang='lat' dir='ltr'>G.</span> <span class='ocrx_word' id='word_1_153' title='bbox 1136 1433 1379 1494; x_wconf 71' lang='lat' dir='ltr'>purpurea</span> <span class='ocrx_word' id='word_1_154' title='bbox 1397 1429 1605 1494; x_wconf 85' lang='lat' dir='ltr'>maj0res</span> <span class='ocrx_word' id='word_1_155' title='bbox 1626 1464 1638 1487; x_wconf 88' lang='lat'><strong>‚</strong></span> <span class='ocrx_word' id='word_1_156' title='bbox 1665 1429 1859 1477; x_wconf 80' lang='lat' dir='ltr'>variant</span> <span class='ocrx_word' id='word_1_157' title='bbox 1882 1437 2044 1478; x_wconf 84' lang='lat' dir='ltr'>tamen</span> <span class='ocrx_word' id='word_1_158' title='bbox 2072 1430 2132 1477; x_wconf 89' lang='lat' dir='ltr'>ab</span> <span class='ocrx_word' id='word_1_159' title='bbox 2159 1432 2189 1477; x_wconf 83' lang='lat'>8</span> <span class='ocrx_word' id='word_1_160' title='bbox 2213 1446 2367 1495; x_wconf 82' lang='lat' dir='ltr'>usque</span> <span class='ocrx_word' id='word_1_161' title='bbox 2386 1434 2450 1482; x_wconf 87' lang='lat' dir='ltr'>ad</span> <span class='ocrx_word' id='word_1_162' title='bbox 2546 1432 2551 1436; x_wconf 69' lang='grc'><strong>”</strong></span> 
     </span>
    </p>
   </div>
   <div class='ocr_carea' id='block_1_11' title="bbox 294 1496 1538 1567">
    <p class='ocr_par' dir='ltr' id='par_1_11' title="bbox 294 1496 1538 1567">
     <span class='ocr_line' id='line_1_19' title="bbox 294 1496 1538 1567; baseline 0 -23"><span class='ocrx_word' id='word_1_163' title='bbox 294 1498 354 1544; x_wconf 90' lang='grc'>15</span> <span class='ocrx_word' id='word_1_164' title='bbox 372 1496 464 1545; x_wconf 87' lang='lat' dir='ltr'>lin.</span> <span class='ocrx_word' id='word_1_165' title='bbox 492 1498 657 1562; x_wconf 76' lang='lat' dir='ltr'>longi.</span> <span class='ocrx_word' id='word_1_166' title='bbox 677 1497 876 1563; x_wconf 76' lang='lat' dir='ltr'>Calycis</span> <span class='ocrx_word' id='word_1_167' title='bbox 898 1498 1065 1547; x_wconf 80' lang='lat' dir='ltr'>dentes</span> <span class='ocrx_word' id='word_1_168' title='bbox 1086 1505 1321 1567; x_wconf 82' lang='lat' dir='ltr'>patentes.</span> <span class='ocrx_word' id='word_1_169' title='bbox 1353 1499 1434 1557; x_wconf 78' lang='lat' dir='ltr'>(v.</span> <span class='ocrx_word' id='word_1_170' title='bbox 1459 1512 1501 1544; x_wconf 87' lang='lat' dir='ltr'>s.</span> <span class='ocrx_word' id='word_1_171' title='bbox 1523 1500 1538 1555; x_wconf 82' lang='grc'><strong>)</strong></span> 
     </span>
    </p>
   </div>
   <div class='ocr_carea' id='block_1_12' title="bbox 224 1579 2449 2732">
    <p class='ocr_par' dir='ltr' id='par_1_12' title="bbox 225 1579 2448 1845">
     <span class='ocr_line' id='line_1_20' title="bbox 225 1579 2446 1646; baseline 0.002 -20"><span class='ocrx_word' id='word_1_172' title='bbox 225 1580 306 1626; x_wconf 84' lang='grc'>12.</span> <span class='ocrx_word' id='word_1_173' title='bbox 328 1579 391 1629; x_wconf 79' lang='lat' dir='ltr'>G.</span> <span class='ocrx_word' id='word_1_174' title='bbox 421 1592 753 1630; x_wconf 66' lang='lat' dir='ltr'>»animumn</span> <span class='ocrx_word' id='word_1_175' title='bbox 772 1582 962 1644; x_wconf 86' lang='lat' dir='ltr'>(Cham.</span> <span class='ocrx_word' id='word_1_176' title='bbox 992 1589 1039 1629; x_wconf 89' lang='lat' dir='ltr'>et</span> <span class='ocrx_word' id='word_1_177' title='bbox 1063 1581 1306 1629; x_wconf 77' lang='lat' dir='ltr'>Schleebt.</span> <span class='ocrx_word' id='word_1_178' title='bbox 1329 1581 1382 1629; x_wconf 88' lang='lat' dir='ltr'>in</span> <span class='ocrx_word' id='word_1_179' title='bbox 1402 1580 1610 1629; x_wconf 65' lang='lat' dir='ltr'>Linnaea</span> <span class='ocrx_word' id='word_1_180' title='bbox 1635 1584 1684 1628; x_wconf 89' lang='lat'>5.</span> <span class='ocrx_word' id='word_1_181' title='bbox 1713 1596 1764 1643; x_wconf 90' lang='lat' dir='ltr'>p.</span> <span class='ocrx_word' id='word_1_182' title='bbox 1790 1582 1925 1642; x_wconf 74' lang='lat'>101),</span> <span class='ocrx_word' id='word_1_183' title='bbox 1945 1581 2084 1628; x_wconf 84' lang='lat' dir='ltr'>caule</span> <span class='ocrx_word' id='word_1_184' title='bbox 2101 1581 2331 1630; x_wconf 76' lang='lat' dir='ltr'>bifariam</span> <span class='ocrx_word' id='word_1_185' title='bbox 2356 1599 2446 1646; x_wconf 87' lang='lat' dir='ltr'>pu-</span> 
     </span>
     <span class='ocr_line' id='line_1_21' title="bbox 285 1646 2447 1712; baseline 0.001 -17"><span class='ocrx_word' id='word_1_186' title='bbox 285 1646 511 1696; x_wconf 83' lang='lat' dir='ltr'>bescente</span> <span class='ocrx_word' id='word_1_187' title='bbox 524 1683 536 1705; x_wconf 89' lang='lat'>,</span> <span class='ocrx_word' id='word_1_188' title='bbox 566 1648 698 1696; x_wconf 86' lang='lat' dir='ltr'>foliis</span> <span class='ocrx_word' id='word_1_189' title='bbox 722 1649 991 1696; x_wconf 87' lang='lat' dir='ltr'>linearibus</span> <span class='ocrx_word' id='word_1_190' title='bbox 1013 1649 1203 1712; x_wconf 82' lang='lat' dir='ltr'>glabris</span> <span class='ocrx_word' id='word_1_191' title='bbox 1222 1682 1235 1706; x_wconf 96' lang='lat'>,</span> <span class='ocrx_word' id='word_1_192' title='bbox 1262 1647 1490 1696; x_wconf 82' lang='lat' dir='ltr'>dentibus</span> <span class='ocrx_word' id='word_1_193' title='bbox 1509 1647 1747 1710; x_wconf 78' lang='lat' dir='ltr'>calycinis</span> <span class='ocrx_word' id='word_1_194' title='bbox 1768 1649 1886 1696; x_wconf 87' lang='lat' dir='ltr'>tubo</span> <span class='ocrx_word' id='word_1_195' title='bbox 1906 1662 1995 1695; x_wconf 89' lang='lat' dir='ltr'>suo</span> <span class='ocrx_word' id='word_1_196' title='bbox 2005 1648 2315 1712; x_wconf 82' lang='lat' dir='ltr'>longioribus</span> <span class='ocrx_word' id='word_1_197' title='bbox 2331 1686 2343 1709; x_wconf 93' lang='lat'>‚</span> <span class='ocrx_word' id='word_1_198' title='bbox 2362 1665 2447 1698; x_wconf 89' lang='lat' dir='ltr'>co-</span> 
     </span>
     <span class='ocr_line' id='line_1_22' title="bbox 286 1709 2448 1782; baseline 0.002 -21"><span class='ocrx_word' id='word_1_199' title='bbox 286 1714 427 1762; x_wconf 85' lang='lat' dir='ltr'>rollis</span> <span class='ocrx_word' id='word_1_200' title='bbox 451 1721 595 1762; x_wconf 79' lang='lat' dir='ltr'>extus</span> <span class='ocrx_word' id='word_1_201' title='bbox 618 1715 991 1777; x_wconf 78' lang='lat' dir='ltr'>pubescentibus</span> <span class='ocrx_word' id='word_1_202' title='bbox 1028 1715 1195 1779; x_wconf 75' lang='lat' dir='ltr'>calyce</span> <span class='ocrx_word' id='word_1_203' title='bbox 1229 1714 1471 1776; x_wconf 84' lang='lat' dir='ltr'>subduplo</span> <span class='ocrx_word' id='word_1_204' title='bbox 1502 1713 1826 1779; x_wconf 76' lang='lat' dir='ltr'>longioribus.</span> <span class='ocrx_word' id='word_1_205' title='bbox 1861 1709 1933 1782; x_wconf 71' lang='lat'>[1]</span> <span class='ocrx_word' id='word_1_206' title='bbox 1955 1713 2007 1760; x_wconf 89' lang='lat' dir='ltr'>in</span> <span class='ocrx_word' id='word_1_207' title='bbox 2038 1714 2217 1763; x_wconf 79' lang='lat' dir='ltr'>Mexici</span> <span class='ocrx_word' id='word_1_208' title='bbox 2248 1717 2448 1781; x_wconf 76' lang='lat' dir='ltr'>regione</span> 
     </span>
     <span class='ocr_line' id='line_1_23' title="bbox 286 1779 1842 1845; baseline 0 -17"><span class='ocrx_word' id='word_1_209' title='bbox 286 1779 472 1845; x_wconf 65' lang='lat' dir='ltr'>frigida</span> <span class='ocrx_word' id='word_1_210' title='bbox 496 1780 731 1843; x_wconf 84' lang='lat' dir='ltr'>(Schiede</span> <span class='ocrx_word' id='word_1_211' title='bbox 757 1790 805 1830; x_wconf 88' lang='lat' dir='ltr'>et</span> <span class='ocrx_word' id='word_1_212' title='bbox 826 1782 1033 1845; x_wconf 84' lang='lat' dir='ltr'>Deppe).</span> <span class='ocrx_word' id='word_1_213' title='bbox 1064 1780 1240 1829; x_wconf 83' lang='lat' dir='ltr'>Affinis</span> <span class='ocrx_word' id='word_1_214' title='bbox 1267 1782 1450 1829; x_wconf 83' lang='lat' dir='ltr'>dicitur</span> <span class='ocrx_word' id='word_1_215' title='bbox 1475 1782 1536 1830; x_wconf 87' lang='lat' dir='ltr'>G.</span> <span class='ocrx_word' id='word_1_216' title='bbox 1570 1796 1842 1845; x_wconf 81' lang='lat' dir='ltr'>purpureae.</span> 
     </span>
    </p>

    <p class='ocr_par' dir='ltr' id='par_1_13' title="bbox 224 1862 2449 2732">
     <span class='ocr_line' id='line_1_24' title="bbox 224 1862 2449 1926; baseline 0.002 -17"><span class='ocrx_word' id='word_1_217' title='bbox 224 1863 302 1909; x_wconf 82' lang='lat'>13.</span> <span class='ocrx_word' id='word_1_218' title='bbox 330 1862 392 1910; x_wconf 87' lang='lat' dir='ltr'>G.</span> <span class='ocrx_word' id='word_1_219' title='bbox 420 1874 716 1911; x_wconf 66' lang='lat' dir='ltr'>Punpmuu</span> <span class='ocrx_word' id='word_1_220' title='bbox 741 1863 937 1923; x_wconf 86' lang='lat' dir='ltr'>(Liun.!</span> <span class='ocrx_word' id='word_1_221' title='bbox 963 1878 1093 1926; x_wconf 86' lang='lat' dir='ltr'>spec.</span> <span class='ocrx_word' id='word_1_222' title='bbox 1118 1879 1166 1926; x_wconf 91' lang='lat' dir='ltr'>p.</span> <span class='ocrx_word' id='word_1_223' title='bbox 1194 1864 1288 1910; x_wconf 71' lang='lat'>848</span> <span class='ocrx_word' id='word_1_224' title='bbox 1307 1866 1323 1925; x_wconf 93' lang='lat'>)</span> <span class='ocrx_word' id='word_1_225' title='bbox 1340 1900 1352 1923; x_wconf 88' lang='lat'>,</span> <span class='ocrx_word' id='word_1_226' title='bbox 1380 1872 1540 1912; x_wconf 85' lang='lat' dir='ltr'>erecta</span> <span class='ocrx_word' id='word_1_227' title='bbox 1557 1899 1568 1921; x_wconf 85' lang='lat'>‚</span> <span class='ocrx_word' id='word_1_228' title='bbox 1605 1863 2095 1921; x_wconf 83' lang='lat' dir='ltr'>brachiato-ramosa,</span> <span class='ocrx_word' id='word_1_229' title='bbox 2134 1862 2265 1913; x_wconf 83' lang='lat' dir='ltr'>foliis</span> <span class='ocrx_word' id='word_1_230' title='bbox 2297 1863 2449 1913; x_wconf 87' lang='lat' dir='ltr'>linea·</span> 
     </span>
     <span class='ocr_line' id='line_1_25' title="bbox 287 1928 2446 1993; baseline 0.003 -17"><span class='ocrx_word' id='word_1_231' title='bbox 287 1928 424 1976; x_wconf 87' lang='lat' dir='ltr'>ribus</span> <span class='ocrx_word' id='word_1_232' title='bbox 445 1930 604 1977; x_wconf 85' lang='lat' dir='ltr'>acutis</span> <span class='ocrx_word' id='word_1_233' title='bbox 627 1932 849 1992; x_wconf 76' lang='lat' dir='ltr'>margine</span> <span class='ocrx_word' id='word_1_234' title='bbox 873 1929 1055 1978; x_wconf 76' lang='lat' dir='ltr'>scabris</span> <span class='ocrx_word' id='word_1_235' title='bbox 1072 1964 1084 1988; x_wconf 91' lang='lat'>,</span> <span class='ocrx_word' id='word_1_236' title='bbox 1122 1929 1371 1991; x_wconf 88' lang='lat' dir='ltr'>pedicellis</span> <span class='ocrx_word' id='word_1_237' title='bbox 1400 1930 1567 1993; x_wconf 80' lang='lat' dir='ltr'>calyce</span> <span class='ocrx_word' id='word_1_238' title='bbox 1594 1930 1902 1979; x_wconf 83' lang='lat' dir='ltr'>brevioribus</span> <span class='ocrx_word' id='word_1_239' title='bbox 1924 1966 1935 1989; x_wconf 89' lang='lat'>‚</span> <span class='ocrx_word' id='word_1_240' title='bbox 1970 1930 2154 1993; x_wconf 79' lang='lat' dir='ltr'>calycis</span> <span class='ocrx_word' id='word_1_241' title='bbox 2194 1944 2278 1978; x_wconf 86' lang='lat' dir='ltr'>ore</span> <span class='ocrx_word' id='word_1_242' title='bbox 2303 1936 2446 1983; x_wconf 83' lang='lat' dir='ltr'>trun·</span> 
     </span>
     <span class='ocr_line' id='line_1_26' title="bbox 284 1995 2448 2060; baseline 0.002 -17"><span class='ocrx_word' id='word_1_243' title='bbox 284 2002 395 2043; x_wconf 82' lang='lat' dir='ltr'>cato</span> <span class='ocrx_word' id='word_1_244' title='bbox 418 1995 646 2044; x_wconf 85' lang='lat' dir='ltr'>dentibus</span> <span class='ocrx_word' id='word_1_245' title='bbox 670 1997 1031 2045; x_wconf 79' lang='lat' dir='ltr'>setaceo-acutis</span> <span class='ocrx_word' id='word_1_246' title='bbox 1064 1999 1182 2045; x_wconf 88' lang='lat' dir='ltr'>tubo</span> <span class='ocrx_word' id='word_1_247' title='bbox 1223 2012 1313 2045; x_wconf 88' lang='lat' dir='ltr'>suo</span> <span class='ocrx_word' id='word_1_248' title='bbox 1352 1997 1502 2060; x_wconf 86' lang='lat' dir='ltr'>duplo</span> <span class='ocrx_word' id='word_1_249' title='bbox 1534 1998 1610 2045; x_wconf 82' lang='lat' dir='ltr'>vel</span> <span class='ocrx_word' id='word_1_250' title='bbox 1660 1997 1841 2060; x_wconf 81' lang='lat' dir='ltr'>pluries</span> <span class='ocrx_word' id='word_1_251' title='bbox 1883 1997 2214 2055; x_wconf 84' lang='lat' dir='ltr'>brevioribus,</span> <span class='ocrx_word' id='word_1_252' title='bbox 2249 1999 2448 2048; x_wconf 87' lang='lat' dir='ltr'>corollis</span> 
     </span>
     <span class='ocr_line' id='line_1_27' title="bbox 287 2059 2448 2178; baseline 0.002 -68"><span class='ocrx_word' id='word_1_253' title='bbox 287 2062 478 2126; x_wconf 75' lang='lat' dir='ltr'>glabris</span> <span class='ocrx_word' id='word_1_254' title='bbox 501 2063 574 2111; x_wconf 83' lang='lat' dir='ltr'>vel</span> <span class='ocrx_word' id='word_1_255' title='bbox 598 2064 808 2111; x_wconf 85' lang='lat' dir='ltr'>tenuiter</span> <span class='ocrx_word' id='word_1_256' title='bbox 826 2059 1614 2178; x_wconf 43' lang='lat' dir='ltr'>pubescentibusQin-America</span> <span class='ocrx_word' id='word_1_257' title='bbox 1632 2063 1818 2112; x_wconf 82' lang='lat' dir='ltr'>boreali</span> <span class='ocrx_word' id='word_1_258' title='bbox 1842 2079 1870 2111; x_wconf 86' lang='lat' dir='ltr'>a</span> <span class='ocrx_word' id='word_1_259' title='bbox 1894 2064 2032 2112; x_wconf 75' lang='lat' dir='ltr'>Novo</span> <span class='ocrx_word' id='word_1_260' title='bbox 2052 2064 2272 2113; x_wconf 85' lang='lat' dir='ltr'>Eboraco</span> <span class='ocrx_word' id='word_1_261' title='bbox 2296 2081 2448 2128; x_wconf 78' lang='lat' dir='ltr'>usque</span> 
     </span>
     <span class='ocr_line' id='line_1_28' title="bbox 283 2128 2441 2196; baseline 0.002 -19"><span class='ocrx_word' id='word_1_262' title='bbox 283 2128 348 2177; x_wconf 84' lang='lat' dir='ltr'>ad</span> <span class='ocrx_word' id='word_1_263' title='bbox 369 2129 619 2178; x_wconf 84' lang='lat' dir='ltr'>Floridam</span> <span class='ocrx_word' id='word_1_264' title='bbox 641 2136 691 2178; x_wconf 87' lang='lat' dir='ltr'>et</span> <span class='ocrx_word' id='word_1_265' title='bbox 710 2130 1041 2179; x_wconf 59' lang='lat' dir='ltr'>Inuisianam.</span> <span class='ocrx_word' id='word_1_266' title='bbox 1069 2130 1131 2179; x_wconf 81' lang='lat' dir='ltr'>G.</span> <span class='ocrx_word' id='word_1_267' title='bbox 1155 2130 1251 2178; x_wconf 88' lang='lat' dir='ltr'>Plu</span> <span class='ocrx_word' id='word_1_268' title='bbox 1290 2131 1438 2179; x_wconf 84' lang='lat' dir='ltr'>enetii</span> <span class='ocrx_word' id='word_1_269' title='bbox 1453 2131 1550 2179; x_wconf 84' lang='lat' dir='ltr'>Ell.</span> <span class='ocrx_word' id='word_1_270' title='bbox 1574 2131 1674 2179; x_wconf 88' lang='lat' dir='ltr'>bot.</span> <span class='ocrx_word' id='word_1_271' title='bbox 1699 2146 1738 2177; x_wconf 88' lang='lat' dir='ltr'>s.</span> <span class='ocrx_word' id='word_1_272' title='bbox 1768 2130 1880 2180; x_wconf 87' lang='lat' dir='ltr'>Car.</span> <span class='ocrx_word' id='word_1_273' title='bbox 1907 2135 1953 2178; x_wconf 89' lang='lat' dir='ltr'>et</span> <span class='ocrx_word' id='word_1_274' title='bbox 1968 2129 2148 2196; x_wconf 83' lang='lat' dir='ltr'>Georg.</span> <span class='ocrx_word' id='word_1_275' title='bbox 2168 2134 2217 2180; x_wconf 84' lang='lat'>2.</span> <span class='ocrx_word' id='word_1_276' title='bbox 2246 2147 2295 2195; x_wconf 88' lang='lat' dir='ltr'>p.</span> <span class='ocrx_word' id='word_1_277' title='bbox 2328 2134 2441 2182; x_wconf 83' lang='grc'><strong>114.</strong></span> 
     </span>
     <span class='ocr_line' id='line_1_29' title="bbox 278 2195 2446 2263; baseline 0.003 -20"><span class='ocrx_word' id='word_1_278' title='bbox 278 2196 341 2244; x_wconf 71' lang='lat' dir='ltr'>G.</span> <span class='ocrx_word' id='word_1_279' title='bbox 372 2195 662 2245; x_wconf 80' lang='lat' dir='ltr'>fasciculata</span> <span class='ocrx_word' id='word_1_280' title='bbox 692 2197 790 2245; x_wconf 84' lang='lat' dir='ltr'>Eu.</span> <span class='ocrx_word' id='word_1_281' title='bbox 817 2196 851 2245; x_wconf 95' lang='lat' dir='ltr'>l.</span> <span class='ocrx_word' id='word_1_282' title='bbox 879 2212 922 2245; x_wconf 88' lang='lat' dir='ltr'>c.</span> <span class='ocrx_word' id='word_1_283' title='bbox 956 2212 1003 2260; x_wconf 88' lang='lat' dir='ltr'>p.</span> <span class='ocrx_word' id='word_1_284' title='bbox 1036 2198 1149 2244; x_wconf 79' lang='lat'><strong>115.</strong></span> <span class='ocrx_word' id='word_1_285' title='bbox 1188 2197 1697 2260; x_wconf 83' lang='lat' dir='ltr'>Herba-l-2-pedalis,</span> <span class='ocrx_word' id='word_1_286' title='bbox 1741 2198 1893 2245; x_wconf 85' lang='lat' dir='ltr'>ramis</span> <span class='ocrx_word' id='word_1_287' title='bbox 1931 2197 2215 2246; x_wconf 75' lang='lat' dir='ltr'>divaricatis</span> <span class='ocrx_word' id='word_1_288' title='bbox 2257 2198 2446 2263; x_wconf 79' lang='lat' dir='ltr'>rigidu-</span> 
     </span>
     <span class='ocr_line' id='line_1_30' title="bbox 284 2263 2446 2332; baseline 0.002 -21"><span class='ocrx_word' id='word_1_289' title='bbox 284 2263 367 2311; x_wconf 86' lang='lat' dir='ltr'>lis.</span> <span class='ocrx_word' id='word_1_290' title='bbox 396 2263 533 2313; x_wconf 83' lang='lat' dir='ltr'>Folia</span> <span class='ocrx_word' id='word_1_291' title='bbox 555 2264 775 2328; x_wconf 85' lang='lat' dir='ltr'>patentia</span> <span class='ocrx_word' id='word_1_292' title='bbox 798 2263 875 2312; x_wconf 86' lang='lat' dir='ltr'>vel</span> <span class='ocrx_word' id='word_1_293' title='bbox 890 2266 1123 2324; x_wconf 83' lang='lat' dir='ltr'>incurva,</span> <span class='ocrx_word' id='word_1_294' title='bbox 1153 2264 1324 2315; x_wconf 83' lang='lat' dir='ltr'>dissita</span> <span class='ocrx_word' id='word_1_295' title='bbox 1359 2264 1438 2314; x_wconf 81' lang='lat' dir='ltr'>vel</span> <span class='ocrx_word' id='word_1_296' title='bbox 1460 2264 1521 2312; x_wconf 83' lang='lat' dir='ltr'>ad</span> <span class='ocrx_word' id='word_1_297' title='bbox 1545 2264 1722 2313; x_wconf 77' lang='lat' dir='ltr'>axillas</span> <span class='ocrx_word' id='word_1_298' title='bbox 1755 2264 2061 2314; x_wconf 73' lang='lat' dir='ltr'>fasciculam.</span> <span class='ocrx_word' id='word_1_299' title='bbox 2090 2264 2269 2314; x_wconf 79' lang='lat' dir='ltr'>Dentes</span> <span class='ocrx_word' id='word_1_300' title='bbox 2309 2267 2446 2332; x_wconf 85' lang='lat' dir='ltr'>caly-</span> 
     </span>
     <span class='ocr_line' id='line_1_31' title="bbox 285 2331 2445 2397; baseline 0.002 -18"><span class='ocrx_word' id='word_1_301' title='bbox 285 2331 386 2378; x_wconf 88' lang='lat' dir='ltr'>cini</span> <span class='ocrx_word' id='word_1_302' title='bbox 410 2331 683 2380; x_wconf 84' lang='lat' dir='ltr'>brevissimi</span> <span class='ocrx_word' id='word_1_303' title='bbox 708 2331 784 2380; x_wconf 81' lang='lat' dir='ltr'>vel</span> <span class='ocrx_word' id='word_1_304' title='bbox 803 2332 963 2380; x_wconf 82' lang='lat' dir='ltr'>rarius</span> <span class='ocrx_word' id='word_1_305' title='bbox 988 2331 1169 2380; x_wconf 84' lang='lat' dir='ltr'>lineam</span> <span class='ocrx_word' id='word_1_306' title='bbox 1191 2332 1347 2397; x_wconf 81' lang='lat' dir='ltr'>longi.</span> <span class='ocrx_word' id='word_1_307' title='bbox 1368 2332 1569 2382; x_wconf 85' lang='lat' dir='ltr'>Corolla</span> <span class='ocrx_word' id='word_1_308' title='bbox 1590 2346 1851 2396; x_wconf 81' lang='lat' dir='ltr'>purpurea.</span> <span class='ocrx_word' id='word_1_309' title='bbox 1874 2332 2050 2380; x_wconf 85' lang='lat' dir='ltr'>Variat</span> <span class='ocrx_word' id='word_1_310' title='bbox 2067 2339 2300 2396; x_wconf 68' lang='lat' dir='ltr'>praeterea</span> <span class='ocrx_word' id='word_1_311' title='bbox 2313 2334 2445 2383; x_wconf 76' lang='lat' dir='ltr'>foliis</span> 
     </span>
     <span class='ocr_line' id='line_1_32' title="bbox 282 2398 2445 2466; baseline 0.002 -21"><span class='ocrx_word' id='word_1_312' title='bbox 282 2399 487 2446; x_wconf 80' lang='lat' dir='ltr'>setaccis</span> <span class='ocrx_word' id='word_1_313' title='bbox 511 2399 588 2447; x_wconf 72' lang='lat' dir='ltr'>vel</span> <span class='ocrx_word' id='word_1_314' title='bbox 611 2398 873 2447; x_wconf 85' lang='lat' dir='ltr'>latiuscule</span> <span class='ocrx_word' id='word_1_315' title='bbox 893 2399 1164 2447; x_wconf 81' lang='lat' dir='ltr'>linearibus</span> <span class='ocrx_word' id='word_1_316' title='bbox 1182 2434 1195 2458; x_wconf 93' lang='lat'>,</span> <span class='ocrx_word' id='word_1_317' title='bbox 1219 2399 1527 2449; x_wconf 85' lang='lat' dir='ltr'>scaberrimis</span> <span class='ocrx_word' id='word_1_318' title='bbox 1556 2398 1633 2448; x_wconf 80' lang='lat' dir='ltr'>vel</span> <span class='ocrx_word' id='word_1_319' title='bbox 1676 2399 1837 2448; x_wconf 86' lang='lat' dir='ltr'>rarius</span> <span class='ocrx_word' id='word_1_320' title='bbox 1870 2399 2101 2458; x_wconf 78' lang='lat' dir='ltr'>laevibus,</span> <span class='ocrx_word' id='word_1_321' title='bbox 2128 2401 2314 2450; x_wconf 78' lang='lat' dir='ltr'>corona</span> <span class='ocrx_word' id='word_1_322' title='bbox 2336 2400 2445 2466; x_wconf 81' lang='lat' dir='ltr'>gla-</span> 
     </span>
     <span class='ocr_line' id='line_1_33' title="bbox 282 2465 2443 2532; baseline 0.002 -20"><span class='ocrx_word' id='word_1_323' title='bbox 282 2465 374 2513; x_wconf 66' lang='lat' dir='ltr'>bra</span> <span class='ocrx_word' id='word_1_324' title='bbox 400 2465 476 2513; x_wconf 79' lang='lat' dir='ltr'>vel</span> <span class='ocrx_word' id='word_1_325' title='bbox 498 2466 626 2529; x_wconf 85' lang='lat' dir='ltr'>pube</span> <span class='ocrx_word' id='word_1_326' title='bbox 645 2466 932 2513; x_wconf 67' lang='lat' dir='ltr'>brevissima</span> <span class='ocrx_word' id='word_1_327' title='bbox 957 2465 1157 2524; x_wconf 67' lang='lat' dir='ltr'>induta,</span> <span class='ocrx_word' id='word_1_328' title='bbox 1186 2467 1249 2514; x_wconf 92' lang='grc'><strong>10</strong></span> <span class='ocrx_word' id='word_1_329' title='bbox 1273 2466 1367 2515; x_wconf 87' lang='lat' dir='ltr'>lin.</span> <span class='ocrx_word' id='word_1_330' title='bbox 1409 2467 1487 2515; x_wconf 77' lang='lat' dir='ltr'>vel</span> <span class='ocrx_word' id='word_1_331' title='bbox 1520 2481 1673 2528; x_wconf 87' lang='lat' dir='ltr'>usque</span> <span class='ocrx_word' id='word_1_332' title='bbox 1712 2465 1775 2514; x_wconf 84' lang='lat' dir='ltr'>ad</span> <span class='ocrx_word' id='word_1_333' title='bbox 1814 2468 1875 2515; x_wconf 85' lang='grc'><strong>15</strong></span> <span class='ocrx_word' id='word_1_334' title='bbox 1912 2466 2004 2515; x_wconf 90' lang='lat' dir='ltr'>lin.</span> <span class='ocrx_word' id='word_1_335' title='bbox 2052 2466 2218 2532; x_wconf 76' lang='lat' dir='ltr'>longa.</span> <span class='ocrx_word' id='word_1_336' title='bbox 2253 2466 2443 2532; x_wconf 77' lang='lat' dir='ltr'>Species</span> 
     </span>
     <span class='ocr_line' id='line_1_34' title="bbox 282 2531 2442 2596; baseline 0.002 -17"><span class='ocrx_word' id='word_1_337' title='bbox 282 2531 601 2581; x_wconf 81' lang='lat' dir='ltr'>Elliottianas</span> <span class='ocrx_word' id='word_1_338' title='bbox 628 2532 748 2580; x_wconf 87' lang='lat' dir='ltr'>olim</span> <span class='ocrx_word' id='word_1_339' title='bbox 772 2531 979 2581; x_wconf 80' lang='lat' dir='ltr'>distinxi</span> <span class='ocrx_word' id='word_1_340' title='bbox 997 2567 1010 2593; x_wconf 91' lang='lat'>,</span> <span class='ocrx_word' id='word_1_341' title='bbox 1040 2532 1125 2581; x_wconf 88' lang='lat' dir='ltr'>sed</span> <span class='ocrx_word' id='word_1_342' title='bbox 1148 2533 1495 2596; x_wconf 77' lang='lat' dir='ltr'>speciminibus</span> <span class='ocrx_word' id='word_1_343' title='bbox 1526 2548 1658 2581; x_wconf 89' lang='lat' dir='ltr'>nunc</span> <span class='ocrx_word' id='word_1_344' title='bbox 1705 2533 1978 2582; x_wconf 79' lang='lat' dir='ltr'>numerosis</span> <span class='ocrx_word' id='word_1_345' title='bbox 2014 2548 2042 2581; x_wconf 90' lang='lat' dir='ltr'>e</span> <span class='ocrx_word' id='word_1_346' title='bbox 2075 2534 2197 2582; x_wconf 86' lang='lat' dir='ltr'>locis</span> <span class='ocrx_word' id='word_1_347' title='bbox 2235 2533 2442 2584; x_wconf 75' lang='lat' dir='ltr'>diversis</span> 
     </span>
     <span class='ocr_line' id='line_1_35' title="bbox 281 2597 2442 2665; baseline 0.002 -19"><span class='ocrx_word' id='word_1_348' title='bbox 281 2597 421 2657; x_wconf 81' lang='lat' dir='ltr'>visis,</span> <span class='ocrx_word' id='word_1_349' title='bbox 444 2614 533 2648; x_wconf 90' lang='lat' dir='ltr'>nec</span> <span class='ocrx_word' id='word_1_350' title='bbox 546 2599 802 2648; x_wconf 79' lang='lat' dir='ltr'>varietates</span> <span class='ocrx_word' id='word_1_351' title='bbox 817 2613 1040 2663; x_wconf 86' lang='lat' dir='ltr'>separare</span> <span class='ocrx_word' id='word_1_352' title='bbox 1051 2601 1340 2663; x_wconf 83' lang='lat' dir='ltr'>possum.1n</span> <span class='ocrx_word' id='word_1_353' title='bbox 1354 2599 1702 2665; x_wconf 84' lang='lat' dir='ltr'>speciminibus</span> <span class='ocrx_word' id='word_1_354' title='bbox 1721 2600 1974 2649; x_wconf 82' lang='lat' dir='ltr'>nonnullis</span> <span class='ocrx_word' id='word_1_355' title='bbox 1983 2600 2261 2650; x_wconf 82' lang='lat' dir='ltr'>borealibus</span> <span class='ocrx_word' id='word_1_356' title='bbox 2274 2601 2442 2651; x_wconf 85' lang='lat' dir='ltr'>dentes</span> 
     </span>
     <span class='ocr_line' id='line_1_36' title="bbox 282 2666 2437 2732; baseline 0.003 -20"><span class='ocrx_word' id='word_1_357' title='bbox 282 2666 497 2729; x_wconf 79' lang='lat' dir='ltr'>calycini</span> <span class='ocrx_word' id='word_1_358' title='bbox 522 2666 790 2731; x_wconf 84' lang='lat' dir='ltr'>longiores,</span> <span class='ocrx_word' id='word_1_359' title='bbox 818 2666 900 2715; x_wconf 85' lang='lat' dir='ltr'>sed</span> <span class='ocrx_word' id='word_1_360' title='bbox 923 2666 974 2713; x_wconf 91' lang='lat' dir='ltr'>in</span> <span class='ocrx_word' id='word_1_361' title='bbox 998 2666 1171 2715; x_wconf 84' lang='lat' dir='ltr'>iisdem</span> <span class='ocrx_word' id='word_1_362' title='bbox 1194 2675 1460 2716; x_wconf 87' lang='lat' dir='ltr'>occurrunt</span> <span class='ocrx_word' id='word_1_363' title='bbox 1491 2667 1638 2716; x_wconf 81' lang='lat' dir='ltr'>etiam</span> <span class='ocrx_word' id='word_1_364' title='bbox 1660 2668 1849 2732; x_wconf 78' lang='lat' dir='ltr'>calyces</span> <span class='ocrx_word' id='word_1_365' title='bbox 1867 2667 2091 2716; x_wconf 82' lang='lat' dir='ltr'>dentibus</span> <span class='ocrx_word' id='word_1_366' title='bbox 2123 2668 2437 2718; x_wconf 81' lang='lat' dir='ltr'>brevissimis.</span> 
     </span>
    </p>
   </div>
   <div class='ocr_carea' id='block_1_13' title="bbox 286 2733 479 2796">
    <p class='ocr_par' dir='ltr' id='par_1_14' title="bbox 286 2733 479 2796">
     <span class='ocr_line' id='line_1_37' title="bbox 286 2733 479 2796; baseline 0.005 -17"><span class='ocrx_word' id='word_1_367' title='bbox 286 2734 366 2796; x_wconf 75' lang='lat' dir='ltr'>(v.</span> <span class='ocrx_word' id='word_1_368' title='bbox 396 2733 479 2796; x_wconf 71' lang='lat' dir='ltr'>s.)</span> 
     </span>
    </p>
   </div>
   <div class='ocr_carea' id='block_1_14' title="bbox 218 2811 2443 3212">
    <p class='ocr_par' dir='ltr' id='par_1_15' title="bbox 218 2811 2443 3013">
     <span class='ocr_line' id='line_1_38' title="bbox 218 2811 2443 2881; baseline 0.003 -20"><span class='ocrx_word' id='word_1_369' title='bbox 218 2811 316 2861; x_wconf 79' lang='lat'>14?</span> <span class='ocrx_word' id='word_1_370' title='bbox 341 2815 407 2864; x_wconf 92' lang='lat' dir='ltr'>G.</span> <span class='ocrx_word' id='word_1_371' title='bbox 434 2816 817 2866; x_wconf 69' lang='lat' dir='ltr'>Doxmonxsls</span> <span class='ocrx_word' id='word_1_372' title='bbox 840 2816 1075 2880; x_wconf 82' lang='lat' dir='ltr'>(Spreng.</span> <span class='ocrx_word' id='word_1_373' title='bbox 1106 2823 1225 2879; x_wconf 83' lang='lat' dir='ltr'>syst.</span> <span class='ocrx_word' id='word_1_374' title='bbox 1248 2820 1297 2865; x_wconf 84' lang='lat'>2.</span> <span class='ocrx_word' id='word_1_375' title='bbox 1320 2833 1369 2881; x_wconf 90' lang='lat' dir='ltr'>p.</span> <span class='ocrx_word' id='word_1_376' title='bbox 1394 2818 1488 2864; x_wconf 87' lang='grc'><strong>817</strong></span> <span class='ocrx_word' id='word_1_377' title='bbox 1507 2819 1525 2879; x_wconf 97' lang='grc'><strong>)</strong></span> <span class='ocrx_word' id='word_1_378' title='bbox 1547 2851 1560 2875; x_wconf 91' lang='lat'>,</span> <span class='ocrx_word' id='word_1_379' title='bbox 1585 2823 1745 2866; x_wconf 86' lang='lat' dir='ltr'>erecta</span> <span class='ocrx_word' id='word_1_380' title='bbox 1761 2851 1774 2876; x_wconf 92' lang='lat'>,</span> <span class='ocrx_word' id='word_1_381' title='bbox 1798 2815 2279 2876; x_wconf 67' lang='lat' dir='ltr'>brachiuw-ramosa,</span> <span class='ocrx_word' id='word_1_382' title='bbox 2307 2816 2443 2867; x_wconf 83' lang='lat' dir='ltr'>foliis</span> 
     </span>
     <span class='ocr_line' id='line_1_39' title="bbox 283 2882 2443 2948; baseline 0.001 -19"><span class='ocrx_word' id='word_1_383' title='bbox 283 2889 494 2945; x_wconf 82' lang='lat' dir='ltr'>anguste</span> <span class='ocrx_word' id='word_1_384' title='bbox 522 2882 792 2932; x_wconf 74' lang='lat' dir='ltr'>linearibus</span> <span class='ocrx_word' id='word_1_385' title='bbox 826 2883 982 2932; x_wconf 84' lang='lat' dir='ltr'>acutis</span> <span class='ocrx_word' id='word_1_386' title='bbox 1019 2884 1238 2943; x_wconf 82' lang='lat' dir='ltr'>scabris,</span> <span class='ocrx_word' id='word_1_387' title='bbox 1267 2882 1515 2948; x_wconf 85' lang='lat' dir='ltr'>pedicellis</span> <span class='ocrx_word' id='word_1_388' title='bbox 1558 2883 1725 2947; x_wconf 78' lang='lat' dir='ltr'>calyce</span> <span class='ocrx_word' id='word_1_389' title='bbox 1764 2883 1850 2931; x_wconf 78' lang='lat' dir='ltr'>vix</span> <span class='ocrx_word' id='word_1_390' title='bbox 1880 2883 2216 2942; x_wconf 76' lang='lat' dir='ltr'>brevioribus,</span> <span class='ocrx_word' id='word_1_391' title='bbox 2257 2884 2443 2948; x_wconf 82' lang='lat' dir='ltr'>calycis</span> 
     </span>
     <span class='ocr_line' id='line_1_40' title="bbox 284 2948 2436 3013; baseline 0.003 -17"><span class='ocrx_word' id='word_1_392' title='bbox 284 2949 425 3010; x_wconf 80' lang='lat' dir='ltr'>parvi</span> <span class='ocrx_word' id='word_1_393' title='bbox 471 2949 695 2998; x_wconf 76' lang='lat' dir='ltr'>dentibus</span> <span class='ocrx_word' id='word_1_394' title='bbox 737 2949 966 2997; x_wconf 86' lang='lat' dir='ltr'>brevibus</span> <span class='ocrx_word' id='word_1_395' title='bbox 1007 2949 1188 3010; x_wconf 86' lang='lat' dir='ltr'>acutis,</span> <span class='ocrx_word' id='word_1_396' title='bbox 1225 2949 1422 2999; x_wconf 87' lang='lat' dir='ltr'>corollis</span> <span class='ocrx_word' id='word_1_397' title='bbox 1465 2950 1655 3013; x_wconf 79' lang='lat' dir='ltr'>glabris</span> <span class='ocrx_word' id='word_1_398' title='bbox 1695 2950 1774 2998; x_wconf 83' lang='lat' dir='ltr'>vel</span> <span class='ocrx_word' id='word_1_399' title='bbox 1809 2948 2019 2999; x_wconf 80' lang='lat' dir='ltr'>tenuiter</span> <span class='ocrx_word' id='word_1_400' title='bbox 2039 2950 2436 3013; x_wconf 77' lang='lat' dir='ltr'>pubescentibus.</span> 
     </span>
    </p>

    <p class='ocr_par' dir='ltr' id='par_1_16' title="bbox 280 3015 2441 3212">
     <span class='ocr_line' id='line_1_41' title="bbox 395 3015 2441 3080; baseline 0.001 -16"><span class='ocrx_word' id='word_1_401' title='bbox 395 3016 449 3064; x_wconf 85' lang='lat' dir='ltr'>in</span> <span class='ocrx_word' id='word_1_402' title='bbox 468 3016 564 3064; x_wconf 88' lang='lat' dir='ltr'>ins.</span> <span class='ocrx_word' id='word_1_403' title='bbox 596 3016 645 3065; x_wconf 87' lang='lat' dir='ltr'>S.</span> <span class='ocrx_word' id='word_1_404' title='bbox 670 3015 920 3080; x_wconf 83' lang='lat' dir='ltr'>Domingo</span> <span class='ocrx_word' id='word_1_405' title='bbox 962 3016 1247 3080; x_wconf 79' lang='lat' dir='ltr'>(Berterol)</span> <span class='ocrx_word' id='word_1_406' title='bbox 1282 3027 1331 3067; x_wconf 87' lang='lat' dir='ltr'>et</span> <span class='ocrx_word' id='word_1_407' title='bbox 1373 3016 1523 3066; x_wconf 88' lang='lat' dir='ltr'>Porto</span> <span class='ocrx_word' id='word_1_408' title='bbox 1566 3017 1685 3066; x_wconf 82' lang='lat' dir='ltr'>Rico</span> <span class='ocrx_word' id='word_1_409' title='bbox 1709 3015 1988 3080; x_wconf 80' lang='lat' dir='ltr'>(Ledrul).</span> <span class='ocrx_word' id='word_1_410' title='bbox 2007 3017 2109 3065; x_wconf 81' lang='lat' dir='ltr'>Vix</span> <span class='ocrx_word' id='word_1_411' title='bbox 2132 3032 2187 3064; x_wconf 87' lang='lat' dir='ltr'>ac</span> <span class='ocrx_word' id='word_1_412' title='bbox 2212 3031 2272 3066; x_wconf 91' lang='lat' dir='ltr'>ne</span> <span class='ocrx_word' id='word_1_413' title='bbox 2294 3016 2379 3066; x_wconf 74' lang='lat' dir='ltr'>vix</span> <span class='ocrx_word' id='word_1_414' title='bbox 2410 3035 2441 3067; x_wconf 87' lang='lat' dir='ltr'>a</span> 
     </span>
     <span class='ocr_line' id='line_1_42' title="bbox 334 3081 2440 3149; baseline 0.001 -18"><span class='ocrx_word' id='word_1_415' title='bbox 334 3118 346 3130; x_wconf 92' lang='lat'>.</span> <span class='ocrx_word' id='word_1_416' title='bbox 377 3087 621 3146; x_wconf 68' lang='lat' dir='ltr'>purpurea</span> <span class='ocrx_word' id='word_1_417' title='bbox 646 3081 838 3131; x_wconf 81' lang='lat' dir='ltr'>differre</span> <span class='ocrx_word' id='word_1_418' title='bbox 858 3083 1075 3143; x_wconf 85' lang='lat' dir='ltr'>videtur,</span> <span class='ocrx_word' id='word_1_419' title='bbox 1103 3083 1245 3147; x_wconf 87' lang='lat' dir='ltr'>cujus</span> <span class='ocrx_word' id='word_1_420' title='bbox 1268 3083 1597 3133; x_wconf 82' lang='lat' dir='ltr'>verisimiliter</span> <span class='ocrx_word' id='word_1_421' title='bbox 1632 3085 1843 3134; x_wconf 77' lang='lat' dir='ltr'>varietas</span> <span class='ocrx_word' id='word_1_422' title='bbox 1866 3089 1938 3132; x_wconf 84' lang='lat' dir='ltr'>est</span> <span class='ocrx_word' id='word_1_423' title='bbox 1961 3083 2214 3149; x_wconf 78' lang='lat' dir='ltr'>calycibus</span> <span class='ocrx_word' id='word_1_424' title='bbox 2238 3083 2440 3133; x_wconf 83' lang='lat' dir='ltr'>minori-</span> 
     </span>
     <span class='ocr_line' id='line_1_43' title="bbox 280 3153 597 3212; baseline -0.003 -13"><span class='ocrx_word' id='word_1_425' title='bbox 280 3153 393 3199; x_wconf 84' lang='lat' dir='ltr'>bns.</span> <span class='ocrx_word' id='word_1_426' title='bbox 423 3154 496 3212; x_wconf 80' lang='lat' dir='ltr'>(v.</span> <span class='ocrx_word' id='word_1_427' title='bbox 527 3153 597 3211; x_wconf 88' lang='lat' dir='ltr'>s.)</span> 
     </span>
    </p>
   </div>
   <div class='ocr_carea' id='block_1_15' title="bbox 216 3230 2446 3764">
    <p class='ocr_par' dir='ltr' id='par_1_17' title="bbox 216 3230 2446 3764">
     <span class='ocr_line' id='line_1_44' title="bbox 216 3230 2440 3297; baseline 0 -15"><span class='ocrx_word' id='word_1_428' title='bbox 216 3233 299 3282; x_wconf 89' lang='grc'>15.</span> <span class='ocrx_word' id='word_1_429' title='bbox 327 3233 391 3281; x_wconf 90' lang='lat' dir='ltr'>G.</span> <span class='ocrx_word' id='word_1_430' title='bbox 419 3244 700 3280; x_wconf 61' lang='lat' dir='ltr'>mamus</span> <span class='ocrx_word' id='word_1_431' title='bbox 723 3230 936 3295; x_wconf 80' lang='lat' dir='ltr'>(Rafin.!</span> <span class='ocrx_word' id='word_1_432' title='bbox 960 3231 1024 3280; x_wconf 90' lang='lat' dir='ltr'>N.</span> <span class='ocrx_word' id='word_1_433' title='bbox 1048 3232 1208 3282; x_wconf 85' lang='lat' dir='ltr'>York.</span> <span class='ocrx_word' id='word_1_434' title='bbox 1240 3233 1369 3282; x_wconf 88' lang='lat' dir='ltr'>med.</span> <span class='ocrx_word' id='word_1_435' title='bbox 1402 3248 1505 3296; x_wconf 88' lang='lat' dir='ltr'>rep.</span> <span class='ocrx_word' id='word_1_436' title='bbox 1530 3236 1578 3280; x_wconf 90' lang='lat'>2.</span> <span class='ocrx_word' id='word_1_437' title='bbox 1613 3249 1662 3295; x_wconf 88' lang='lat' dir='ltr'>p.</span> <span class='ocrx_word' id='word_1_438' title='bbox 1689 3231 1839 3297; x_wconf 86' lang='grc'><strong>361),</strong></span> <span class='ocrx_word' id='word_1_439' title='bbox 1876 3233 2080 3281; x_wconf 86' lang='lat' dir='ltr'>humilis</span> <span class='ocrx_word' id='word_1_440' title='bbox 2098 3267 2111 3291; x_wconf 91' lang='lat'>,</span> <span class='ocrx_word' id='word_1_441' title='bbox 2139 3248 2287 3297; x_wconf 88' lang='lat' dir='ltr'>prope</span> <span class='ocrx_word' id='word_1_442' title='bbox 2300 3234 2440 3283; x_wconf 85' lang='lat' dir='ltr'>basin</span> 
     </span>
     <span class='ocr_line' id='line_1_45' title="bbox 280 3295 2443 3365; baseline 0.001 -17"><span class='ocrx_word' id='word_1_443' title='bbox 280 3314 504 3357; x_wconf 88' lang='lat' dir='ltr'>ramosa,</span> <span class='ocrx_word' id='word_1_444' title='bbox 540 3295 670 3347; x_wconf 79' lang='lat' dir='ltr'>foliis</span> <span class='ocrx_word' id='word_1_445' title='bbox 696 3297 968 3348; x_wconf 87' lang='lat' dir='ltr'>carnosulis</span> <span class='ocrx_word' id='word_1_446' title='bbox 999 3300 1184 3348; x_wconf 87' lang='lat' dir='ltr'>obtusis</span> <span class='ocrx_word' id='word_1_447' title='bbox 1227 3300 1303 3349; x_wconf 80' lang='lat' dir='ltr'>vel</span> <span class='ocrx_word' id='word_1_448' title='bbox 1347 3300 1434 3348; x_wconf 78' lang='lat' dir='ltr'>vix</span> <span class='ocrx_word' id='word_1_449' title='bbox 1479 3301 1636 3349; x_wconf 83' lang='lat' dir='ltr'>acutis</span> <span class='ocrx_word' id='word_1_450' title='bbox 1675 3300 1967 3356; x_wconf 84' lang='lat' dir='ltr'>linearibus,</span> <span class='ocrx_word' id='word_1_451' title='bbox 2004 3298 2258 3350; x_wconf 85' lang='lat' dir='ltr'>floralibus</span> <span class='ocrx_word' id='word_1_452' title='bbox 2279 3302 2443 3365; x_wconf 86' lang='lat' dir='ltr'>parvis</span> 
     </span>
     <span class='ocr_line' id='line_1_46' title="bbox 283 3365 2444 3447; baseline 0 -32"><span class='ocrx_word' id='word_1_453' title='bbox 283 3366 512 3424; x_wconf 84' lang='lat' dir='ltr'>remotis,</span> <span class='ocrx_word' id='word_1_454' title='bbox 537 3365 784 3430; x_wconf 87' lang='lat' dir='ltr'>pedicellis</span> <span class='ocrx_word' id='word_1_455' title='bbox 806 3367 893 3414; x_wconf 81' lang='lat' dir='ltr'>vix</span> <span class='ocrx_word' id='word_1_456' title='bbox 915 3366 1084 3431; x_wconf 73' lang='lat' dir='ltr'>calyce</span> <span class='ocrx_word' id='word_1_457' title='bbox 1110 3367 1417 3418; x_wconf 82' lang='lat' dir='ltr'>brevioribus</span> <span class='ocrx_word' id='word_1_458' title='bbox 1432 3404 1444 3428; x_wconf 91' lang='lat'>,</span> <span class='ocrx_word' id='word_1_459' title='bbox 1482 3367 1666 3447; x_wconf 64' lang='lat' dir='ltr'>calycis</span> <span class='ocrx_word' id='word_1_460' title='bbox 1705 3366 1932 3415; x_wconf 84' lang='lat' dir='ltr'>dentibus</span> <span class='ocrx_word' id='word_1_461' title='bbox 1952 3367 2180 3416; x_wconf 81' lang='lat' dir='ltr'>brevibus</span> <span class='ocrx_word' id='word_1_462' title='bbox 2199 3368 2444 3418; x_wconf 84' lang='lat' dir='ltr'>obtusius-</span> 
     </span>
     <span class='ocr_line' id='line_1_47' title="bbox 282 3421 2442 3504; baseline 0.002 -23"><span class='ocrx_word' id='word_1_463' title='bbox 282 3433 412 3481; x_wconf 85' lang='lat' dir='ltr'>culis</span> <span class='ocrx_word' id='word_1_464' title='bbox 430 3467 443 3491; x_wconf 93' lang='lat'>,</span> <span class='ocrx_word' id='word_1_465' title='bbox 468 3433 654 3481; x_wconf 62' lang='lat' dir='ltr'>corolla</span> <span class='ocrx_word' id='word_1_466' title='bbox 675 3434 865 3496; x_wconf 67' lang='lat' dir='ltr'>glabra.</span> <span class='ocrx_word' id='word_1_467' title='bbox 889 3421 973 3504; x_wconf 66' lang='grc' dir='ltr'>Θ</span> <span class='ocrx_word' id='word_1_468' title='bbox 993 3434 1046 3482; x_wconf 90' lang='lat' dir='ltr'>in</span> <span class='ocrx_word' id='word_1_469' title='bbox 1069 3433 1308 3483; x_wconf 78' lang='lat' dir='ltr'>Amerieae</span> <span class='ocrx_word' id='word_1_470' title='bbox 1332 3440 1451 3497; x_wconf 86' lang='lat' dir='ltr'>sept.</span> <span class='ocrx_word' id='word_1_471' title='bbox 1478 3435 1668 3483; x_wconf 75' lang='lat' dir='ltr'>civitat.</span> <span class='ocrx_word' id='word_1_472' title='bbox 1694 3434 2014 3484; x_wconf 83' lang='lat' dir='ltr'>orientalibus</span> <span class='ocrx_word' id='word_1_473' title='bbox 2034 3434 2085 3482; x_wconf 89' lang='lat' dir='ltr'>in</span> <span class='ocrx_word' id='word_1_474' title='bbox 2109 3434 2231 3484; x_wconf 88' lang='lat' dir='ltr'>locis</span> <span class='ocrx_word' id='word_1_475' title='bbox 2252 3436 2442 3485; x_wconf 86' lang='lat' dir='ltr'>mariti-</span> 
     </span>
     <span class='ocr_line' id='line_1_48' title="bbox 282 3499 2446 3566; baseline 0.002 -19"><span class='ocrx_word' id='word_1_476' title='bbox 282 3500 380 3548; x_wconf 85' lang='lat' dir='ltr'>mis</span> <span class='ocrx_word' id='word_1_477' title='bbox 423 3499 642 3548; x_wconf 82' lang='lat' dir='ltr'>salsisve.</span> <span class='ocrx_word' id='word_1_478' title='bbox 672 3500 838 3548; x_wconf 83' lang='lat' dir='ltr'>Herba</span> <span class='ocrx_word' id='word_1_479' title='bbox 879 3501 1238 3564; x_wconf 84' lang='lat' dir='ltr'>2-6·pollicaris</span> <span class='ocrx_word' id='word_1_480' title='bbox 1270 3501 1346 3550; x_wconf 75' lang='lat' dir='ltr'>vel</span> <span class='ocrx_word' id='word_1_481' title='bbox 1373 3502 1533 3549; x_wconf 86' lang='lat' dir='ltr'>rarius</span> <span class='ocrx_word' id='word_1_482' title='bbox 1567 3501 1841 3565; x_wconf 83' lang='lat' dir='ltr'>subpedalis</span> <span class='ocrx_word' id='word_1_483' title='bbox 1860 3535 1872 3556; x_wconf 87' lang='lat'><strong>‚</strong></span> <span class='ocrx_word' id='word_1_484' title='bbox 1913 3517 2058 3566; x_wconf 88' lang='lat' dir='ltr'>prope</span> <span class='ocrx_word' id='word_1_485' title='bbox 2084 3503 2226 3552; x_wconf 88' lang='lat' dir='ltr'>basin</span> <span class='ocrx_word' id='word_1_486' title='bbox 2269 3503 2446 3552; x_wconf 76' lang='lat' dir='ltr'>foliosa</span> 
     </span>
     <span class='ocr_line' id='line_1_49' title="bbox 283 3567 2440 3634; baseline 0.002 -18"><span class='ocrx_word' id='word_1_487' title='bbox 283 3575 335 3616; x_wconf 88' lang='lat' dir='ltr'>et</span> <span class='ocrx_word' id='word_1_488' title='bbox 356 3581 556 3615; x_wconf 85' lang='lat' dir='ltr'>ramosa</span> <span class='ocrx_word' id='word_1_489' title='bbox 579 3602 591 3626; x_wconf 92' lang='lat'>,</span> <span class='ocrx_word' id='word_1_490' title='bbox 613 3582 805 3615; x_wconf 85' lang='lat' dir='ltr'>racemo</span> <span class='ocrx_word' id='word_1_491' title='bbox 825 3567 1052 3617; x_wconf 87' lang='lat' dir='ltr'>subnudo</span> <span class='ocrx_word' id='word_1_492' title='bbox 1083 3567 1288 3616; x_wconf 82' lang='lat' dir='ltr'>centrali</span> <span class='ocrx_word' id='word_1_493' title='bbox 1331 3583 1494 3617; x_wconf 86' lang='lat' dir='ltr'>ramos</span> <span class='ocrx_word' id='word_1_494' title='bbox 1520 3568 1745 3617; x_wconf 84' lang='lat' dir='ltr'>laterales</span> <span class='ocrx_word' id='word_1_495' title='bbox 1785 3583 1849 3616; x_wconf 78' lang='lat' dir='ltr'>sa·-</span> <span class='ocrx_word' id='word_1_496' title='bbox 1884 3568 1962 3616; x_wconf 88' lang='lat' dir='ltr'>ius</span> <span class='ocrx_word' id='word_1_497' title='bbox 1996 3569 2142 3634; x_wconf 84' lang='lat' dir='ltr'>longe</span> <span class='ocrx_word' id='word_1_498' title='bbox 2165 3577 2440 3634; x_wconf 85' lang='lat' dir='ltr'>superante.</span> 
     </span>
     <span class='ocr_line' id='line_1_50' title="bbox 282 3633 2444 3702; baseline 0.001 -19"><span class='ocrx_word' id='word_1_499' title='bbox 282 3633 497 3683; x_wconf 78' lang='lat' dir='ltr'>Corollae</span> <span class='ocrx_word' id='word_1_500' title='bbox 525 3634 577 3681; x_wconf 87' lang='lat' dir='ltr'>in</span> <span class='ocrx_word' id='word_1_501' title='bbox 612 3633 772 3682; x_wconf 67' lang='lat' dir='ltr'>forma</span> <span class='ocrx_word' id='word_1_502' title='bbox 797 3635 1072 3699; x_wconf 78' lang='lat' dir='ltr'>vulgatiore</span> <span class='ocrx_word' id='word_1_503' title='bbox 1094 3635 1489 3698; x_wconf 85' lang='lat' dir='ltr'>semipollicares.</span> <span class='ocrx_word' id='word_1_504' title='bbox 1516 3636 1658 3683; x_wconf 88' lang='lat' dir='ltr'>Forte</span> <span class='ocrx_word' id='word_1_505' title='bbox 1681 3635 1751 3682; x_wconf 87' lang='lat' dir='ltr'>nil</span> <span class='ocrx_word' id='word_1_506' title='bbox 1777 3634 1854 3682; x_wconf 81' lang='lat' dir='ltr'>nis</span> <span class='ocrx_word' id='word_1_507' title='bbox 1907 3634 2068 3685; x_wconf 82' lang='lat' dir='ltr'>forma</span> <span class='ocrx_word' id='word_1_508' title='bbox 2091 3636 2152 3685; x_wconf 88' lang='lat' dir='ltr'>G.</span> <span class='ocrx_word' id='word_1_509' title='bbox 2187 3652 2444 3702; x_wconf 65' lang='lat' dir='ltr'>purpureae</span> 
     </span>
     <span class='ocr_line' id='line_1_51' title="bbox 284 3700 1539 3764; baseline 0.002 -16"><span class='ocrx_word' id='word_1_510' title='bbox 284 3701 348 3748; x_wconf 87' lang='lat' dir='ltr'>ob</span> <span class='ocrx_word' id='word_1_511' title='bbox 373 3700 727 3750; x_wconf 81' lang='lat' dir='ltr'>habitationem</span> <span class='ocrx_word' id='word_1_512' title='bbox 751 3701 802 3748; x_wconf 89' lang='lat' dir='ltr'>in</span> <span class='ocrx_word' id='word_1_513' title='bbox 829 3702 949 3750; x_wconf 83' lang='lat' dir='ltr'>locis</span> <span class='ocrx_word' id='word_1_514' title='bbox 969 3702 1110 3751; x_wconf 85' lang='lat' dir='ltr'>salsis</span> <span class='ocrx_word' id='word_1_515' title='bbox 1132 3708 1337 3750; x_wconf 85' lang='lat' dir='ltr'>mutata.</span> <span class='ocrx_word' id='word_1_516' title='bbox 1360 3702 1442 3764; x_wconf 86' lang='lat' dir='ltr'>(v.</span> <span class='ocrx_word' id='word_1_517' title='bbox 1469 3704 1539 3756; x_wconf 48' lang='grc' dir='ltr'>Β.)</span> 
     </span>
    </p>
   </div>
   <div class='ocr_carea' id='block_1_16' title="bbox 354 3783 2447 3917">
    <p class='ocr_par' dir='ltr' id='par_1_18' title="bbox 354 3783 2447 3917">
     <span class='ocr_line' id='line_1_52' title="bbox 354 3783 2442 3855; baseline 0.003 -26"><span class='ocrx_word' id='word_1_518' title='bbox 354 3793 405 3855; x_wconf 63' lang='grc' dir='ltr'><strong>ρ.</strong></span> <span class='ocrx_word' id='word_1_519' title='bbox 445 3785 755 3847; x_wconf 59' lang='lat' dir='ltr'>grandinera,</span> <span class='ocrx_word' id='word_1_520' title='bbox 807 3784 956 3847; x_wconf 87' lang='lat' dir='ltr'>paulo</span> <span class='ocrx_word' id='word_1_521' title='bbox 984 3784 1174 3842; x_wconf 79' lang='lat' dir='ltr'>elatior,</span> <span class='ocrx_word' id='word_1_522' title='bbox 1219 3784 1408 3833; x_wconf 84' lang='lat' dir='ltr'>corolla</span> <span class='ocrx_word' id='word_1_523' title='bbox 1443 3783 1565 3831; x_wconf 83' lang='lat'>8-10</span> <span class='ocrx_word' id='word_1_524' title='bbox 1593 3784 1685 3831; x_wconf 89' lang='lat' dir='ltr'>lin.</span> <span class='ocrx_word' id='word_1_525' title='bbox 1710 3784 1876 3847; x_wconf 82' lang='lat' dir='ltr'>longa.</span> <span class='ocrx_word' id='word_1_526' title='bbox 1899 3784 1957 3833; x_wconf 84' lang='lat' dir='ltr'>Iu</span> <span class='ocrx_word' id='word_1_527' title='bbox 1983 3785 2106 3833; x_wconf 87' lang='lat' dir='ltr'>locis</span> <span class='ocrx_word' id='word_1_528' title='bbox 2138 3785 2282 3833; x_wconf 82' lang='lat' dir='ltr'>salsis</span> <span class='ocrx_word' id='word_1_529' title='bbox 2302 3801 2442 3850; x_wconf 86' lang='lat' dir='ltr'>prov.</span> 
     </span>
     <span class='ocr_line' id='line_1_53' title="bbox 420 3849 2447 3917; baseline 0 -17"><span class='ocrx_word' id='word_1_530' title='bbox 420 3850 582 3900; x_wconf 84' lang='lat' dir='ltr'>Texas</span> <span class='ocrx_word' id='word_1_531' title='bbox 607 3849 977 3910; x_wconf 65' lang='lat' dir='ltr'>{Drummondl</span> <span class='ocrx_word' id='word_1_532' title='bbox 1004 3849 1319 3900; x_wconf 86' lang='lat' dir='ltr'>Lindheimer</span> <span class='ocrx_word' id='word_1_533' title='bbox 1341 3850 1409 3913; x_wconf 86' lang='lat' dir='ltr'>l).</span> <span class='ocrx_word' id='word_1_534' title='bbox 1443 3851 1505 3900; x_wconf 86' lang='lat' dir='ltr'>G.</span> <span class='ocrx_word' id='word_1_535' title='bbox 1532 3849 1778 3914; x_wconf 85' lang='lat' dir='ltr'>spiciflora</span> <span class='ocrx_word' id='word_1_536' title='bbox 1799 3851 2046 3915; x_wconf 82' lang='lat' dir='ltr'>Engelm.!</span> <span class='ocrx_word' id='word_1_537' title='bbox 2074 3850 2237 3899; x_wconf 81' lang='lat' dir='ltr'>ined.&#39;?</span> <span class='ocrx_word' id='word_1_538' title='bbox 2262 3854 2337 3916; x_wconf 77' lang='lat' dir='ltr'>(v.</span> <span class='ocrx_word' id='word_1_539' title='bbox 2367 3869 2407 3900; x_wconf 86' lang='lat' dir='ltr'>s.</span> <span class='ocrx_word' id='word_1_540' title='bbox 2429 3855 2447 3917; x_wconf 91' lang='lat'><em>)</em></span> 
     </span>
    </p>
   </div>
   <div class='ocr_carea' id='block_1_17' title="bbox 216 3932 2450 4263">
    <p class='ocr_par' dir='ltr' id='par_1_19' title="bbox 216 3932 2449 4131">
     <span class='ocr_line' id='line_1_54' title="bbox 216 3932 2449 3999; baseline 0.001 -20"><span class='ocrx_word' id='word_1_541' title='bbox 216 3934 307 3979; x_wconf 86' lang='grc'>16.</span> <span class='ocrx_word' id='word_1_542' title='bbox 336 3933 400 3981; x_wconf 86' lang='lat' dir='ltr'>G.</span> <span class='ocrx_word' id='word_1_543' title='bbox 430 3944 647 3981; x_wconf 59' lang='lat' dir='ltr'>asenna</span> <span class='ocrx_word' id='word_1_544' title='bbox 673 3932 910 3997; x_wconf 68' lang='lat' dir='ltr'>(Dougm</span> <span class='ocrx_word' id='word_1_545' title='bbox 946 3934 1130 3996; x_wconf 85' lang='lat' dir='ltr'>mss.),</span> <span class='ocrx_word' id='word_1_546' title='bbox 1157 3934 1297 3982; x_wconf 84' lang='lat' dir='ltr'>caule</span> <span class='ocrx_word' id='word_1_547' title='bbox 1332 3948 1508 3997; x_wconf 85' lang='lat' dir='ltr'>parum</span> <span class='ocrx_word' id='word_1_548' title='bbox 1541 3949 1762 3992; x_wconf 85' lang='lat' dir='ltr'>ramoso,</span> <span class='ocrx_word' id='word_1_549' title='bbox 1805 3933 1934 3982; x_wconf 83' lang='lat' dir='ltr'>foliis</span> <span class='ocrx_word' id='word_1_550' title='bbox 1968 3935 2116 3998; x_wconf 82' lang='lat' dir='ltr'>longe</span> <span class='ocrx_word' id='word_1_551' title='bbox 2158 3940 2204 3982; x_wconf 90' lang='lat' dir='ltr'>ct</span> <span class='ocrx_word' id='word_1_552' title='bbox 2244 3941 2449 3999; x_wconf 80' lang='lat' dir='ltr'>anguste</span> 
     </span>
     <span class='ocr_line' id='line_1_55' title="bbox 289 3997 2447 4065; baseline 0 -19"><span class='ocrx_word' id='word_1_553' title='bbox 289 3998 563 4047; x_wconf 81' lang='lat' dir='ltr'>linearibus</span> <span class='ocrx_word' id='word_1_554' title='bbox 584 4033 597 4057; x_wconf 93' lang='lat'>,</span> <span class='ocrx_word' id='word_1_555' title='bbox 631 3997 886 4048; x_wconf 87' lang='lat' dir='ltr'>floralibus</span> <span class='ocrx_word' id='word_1_556' title='bbox 934 4001 1125 4064; x_wconf 67' lang='lat' dir='ltr'>calyces</span> <span class='ocrx_word' id='word_1_557' title='bbox 1170 4001 1541 4064; x_wconf 81' lang='lat' dir='ltr'>superantibus,</span> <span class='ocrx_word' id='word_1_558' title='bbox 1572 4000 1859 4064; x_wconf 86' lang='lat' dir='ltr'>pedunculis</span> <span class='ocrx_word' id='word_1_559' title='bbox 1895 4001 2061 4065; x_wconf 82' lang='lat' dir='ltr'>calyce</span> <span class='ocrx_word' id='word_1_560' title='bbox 2105 4001 2410 4064; x_wconf 73' lang='lat' dir='ltr'>longioribus</span> <span class='ocrx_word' id='word_1_561' title='bbox 2434 4035 2447 4056; x_wconf 79' lang='lat'>‚</span> 
     </span>
     <span class='ocr_line' id='line_1_56' title="bbox 290 4065 2446 4131; baseline 0 -17"><span class='ocrx_word' id='word_1_562' title='bbox 290 4065 479 4129; x_wconf 75' lang='lat' dir='ltr'>calycis</span> <span class='ocrx_word' id='word_1_563' title='bbox 515 4065 741 4113; x_wconf 88' lang='lat' dir='ltr'>dentibus</span> <span class='ocrx_word' id='word_1_564' title='bbox 764 4066 1051 4115; x_wconf 86' lang='lat' dir='ltr'>lanceolatis</span> <span class='ocrx_word' id='word_1_565' title='bbox 1076 4067 1232 4115; x_wconf 82' lang='lat' dir='ltr'>acutis</span> <span class='ocrx_word' id='word_1_566' title='bbox 1273 4067 1390 4116; x_wconf 91' lang='lat' dir='ltr'>tubo</span> <span class='ocrx_word' id='word_1_567' title='bbox 1429 4082 1517 4115; x_wconf 86' lang='lat' dir='ltr'>suo</span> <span class='ocrx_word' id='word_1_568' title='bbox 1545 4069 1629 4115; x_wconf 77' lang='lat' dir='ltr'>vix</span> <span class='ocrx_word' id='word_1_569' title='bbox 1670 4067 1997 4129; x_wconf 78' lang='lat' dir='ltr'>brevioribus,</span> <span class='ocrx_word' id='word_1_570' title='bbox 2034 4067 2220 4116; x_wconf 71' lang='lat' dir='ltr'>corollii</span> <span class='ocrx_word' id='word_1_571' title='bbox 2256 4067 2446 4131; x_wconf 72' lang='lat' dir='ltr'>glabra.</span> 
     </span>
    </p>

    <p class='ocr_par' dir='ltr' id='par_1_20' title="bbox 294 4132 2450 4263">
     <span class='ocr_line' id='line_1_57' title="bbox 391 4132 2450 4198; baseline -0 -18"><span class='ocrx_word' id='word_1_572' title='bbox 391 4135 441 4180; x_wconf 89' lang='lat' dir='ltr'>in</span> <span class='ocrx_word' id='word_1_573' title='bbox 464 4132 697 4181; x_wconf 69' lang='lat' dir='ltr'>America</span> <span class='ocrx_word' id='word_1_574' title='bbox 721 4133 908 4182; x_wconf 84' lang='lat' dir='ltr'>boreali</span> <span class='ocrx_word' id='word_1_575' title='bbox 938 4134 1141 4183; x_wconf 86' lang='lat' dir='ltr'>centrali</span> <span class='ocrx_word' id='word_1_576' title='bbox 1163 4169 1175 4190; x_wconf 91' lang='lat'><strong>‚</strong></span> <span class='ocrx_word' id='word_1_577' title='bbox 1203 4134 1255 4183; x_wconf 89' lang='lat' dir='ltr'>in</span> <span class='ocrx_word' id='word_1_578' title='bbox 1296 4134 1501 4198; x_wconf 86' lang='lat' dir='ltr'>planitie</span> <span class='ocrx_word' id='word_1_579' title='bbox 1531 4134 1632 4183; x_wconf 87' lang='lat' dir='ltr'>Red</span> <span class='ocrx_word' id='word_1_580' title='bbox 1673 4133 1819 4183; x_wconf 81' lang='lat' dir='ltr'>River</span> <span class='ocrx_word' id='word_1_581' title='bbox 1852 4133 2100 4196; x_wconf 79' lang='lat' dir='ltr'>(Douglas</span> <span class='ocrx_word' id='word_1_582' title='bbox 2121 4133 2168 4195; x_wconf 78' lang='lat' dir='ltr'>l)</span> <span class='ocrx_word' id='word_1_583' title='bbox 2193 4168 2204 4188; x_wconf 84' lang='lat'>,</span> <span class='ocrx_word' id='word_1_584' title='bbox 2241 4134 2291 4180; x_wconf 85' lang='lat' dir='ltr'>in</span> <span class='ocrx_word' id='word_1_585' title='bbox 2321 4135 2450 4180; x_wconf 65' lang='lat' dir='ltr'>terra</span> 
     </span>
     <span class='ocr_line' id='line_1_58' title="bbox 294 4197 2446 4263; baseline -0.002 -14"><span class='ocrx_word' id='word_1_586' title='bbox 294 4199 490 4249; x_wconf 82' lang='lat' dir='ltr'>Ilinois</span> <span class='ocrx_word' id='word_1_587' title='bbox 527 4203 543 4260; x_wconf 61' lang='grc'><strong><em>4</em></strong></span> <span class='ocrx_word' id='word_1_588' title='bbox 560 4197 877 4263; x_wconf 73' lang='lat' dir='ltr'>Buckleyl)‚</span> <span class='ocrx_word' id='word_1_589' title='bbox 923 4202 1071 4250; x_wconf 71' lang='lat' dir='ltr'>etiam</span> <span class='ocrx_word' id='word_1_590' title='bbox 1116 4201 1165 4249; x_wconf 86' lang='lat' dir='ltr'>in</span> <span class='ocrx_word' id='word_1_591' title='bbox 1205 4200 1380 4250; x_wconf 84' lang='lat' dir='ltr'>itinere</span> <span class='ocrx_word' id='word_1_592' title='bbox 1413 4201 1644 4250; x_wconf 86' lang='lat' dir='ltr'>Nicollet!</span> <span class='ocrx_word' id='word_1_593' title='bbox 1685 4202 1824 4250; x_wconf 79' lang='lat' dir='ltr'>lecta.</span> <span class='ocrx_word' id='word_1_594' title='bbox 1872 4203 1935 4246; x_wconf 74' lang='lat' dir='ltr'>G.</span> <span class='ocrx_word' id='word_1_595' title='bbox 1967 4199 2228 4262; x_wconf 78' lang='lat' dir='ltr'>longifolia</span> <span class='ocrx_word' id='word_1_596' title='bbox 2270 4197 2446 4246; x_wconf 87' lang='lat' dir='ltr'>Benth.</span> 
     </span>
    </p>
   </div>
  </div>
 </body>
</html>
