2808 4538
322 252 462 321 464.
893 246 1293 317 DIOOTYL.
1346 269 1461 316 SEU
1503 242 1992 314 EXOGENAE.
2243 270 2548 312 vationes.

389 366 540 416 libus.
559 360 629 430 ‘26
648 364 701 414 in
723 361 964 413 Americae
994 362 1382 427 septentrionalis
1399 360 1679 411 civitatibus
1699 360 2018 410 orientalibus
2049 389 2119 400 —
2136 361 2321 412 Hoffm.
2362 380 2544 414 comm.

392 440 515 499 gott.
553 434 632 481 15.
661 438 700 480 t.
730 433 779 480 1.
806 430 1083 494 Leptandra
1097 429 1360 493 Virginios
1385 428 1529 478 Nutt.
1548 444 1663 493 gen.
1691 444 1742 476 n.
1768 442 1866 476 am.
1897 429 1945 476 l.
1974 444 2024 491 p.
2053 431 2105 475 7.
2130 430 2413 495 Eustacbya
2435 433 2551 481 alba

394 511 443 549 et
471 500 529 549 Ε.
561 512 808 563 purpurea
833 496 993 546 Rafin.
1028 497 1064 546 1.
1097 512 1143 544 c.
1173 497 1426 544 Paederota
1445 495 1706 574 Virgiuica
1725 495 1885 558 Walp.
1912 509 2014 572 rep.
2048 500 2099 544 3.
2129 513 2180 560 p.
2206 500 2324 545 369.
2358 498 2545 547 Veron.

393 566 708 689 {smmis
711 564 843 678 ‘53¹2‘
860 578 1012 679 ἑὶίἶ
1026 666 1039 689 ,
1054 563 1255 692 ¹:233
1255 560 1955 686 ¹33302<zff33021¹²3132333ss⁸
1957 562 2553 680 {2⁶¹8ssssssssssssss

393 698 521 748 hanc
544 698 752 747 formam
774 696 972 746 duceres
994 695 1320 759 Leptandram
1341 694 1714 758 angustifoliam
1735 693 1906 743 Lehm.
1936 693 2031 742 del.
2060 693 2189 744 hort.
2222 696 2389 745 hamb.
2421 698 2551 746 1839

395 766 599 824 (Veron.
636 762 956 828 angustisolia
980 761 1168 821 Steud.)
1194 777 1257 810 ex
1288 760 1444 811 deser.
1476 767 1525 808 et
1554 761 1729 824 patria,
1761 775 1791 807 a
1817 761 2087 824 Walpersio
2109 768 2270 812 tamen
2295 763 2361 811 ad
2380 763 2450 811 V.
2471 772 2555 812 tn-

391 831 616 881 bifloram
639 827 1221 893 relatam.—Superfieies
1242 828 1477 876 foliorum
1500 827 1677 890 soepius
1702 825 1892 891 glabra,
1918 829 2339 891 paginfiinseriore
2360 845 2553 894 semper

393 897 596 963 pallida.
622 897 765 960 Spica
801 896 1047 961 elongata,
1078 901 1241 943 acuta.
1268 895 1438 943 Flores
1462 893 1869 949 numerosissim3,
1904 893 2127 955 conserti,
2158 896 2547 946 subfasciculati.

393 964 586 1027 Calyeis
619 969 872 1027 segmenta
900 961 1198 1011 acutissima.
1236 960 1435 1010 Corolia
1460 960 1592 1017 alba,
1625 974 1802 1008 carnea
1834 960 1911 1008 vel
1945 960 2106 1009 rarius
2140 977 2404 1026 purpurea,
2433 965 2550 1012 tubo

391 1034 424 1079 2
445 1031 537 1079 lin.
564 1031 716 1093 longo
744 1043 963 1088 recurvo,
989 1028 1185 1078 laciniis
1210 1029 1440 1076 brevibus
1467 1027 1641 1075 acutis.
1669 1026 1889 1075 Stamina
1914 1027 2060 1091 longe
2081 1036 2290 1091 exserta.
2320 1031 2391 1092 (v.
2420 1031 2484 1092 s.)

324 1115 408 1161 29.
447 1112 513 1160 V.
552 1112 800 1161 Simulus
824 1110 1012 1173 (Linn.!
1044 1126 1172 1174 spec.
1202 1126 1250 1174 p.
1289 1111 1389 1174 12),
1426 1114 1602 1167 erecta,
1635 1109 1780 1167 elata,
1807 1109 2000 1173 glabra,
2038 1109 2170 1159 soliis
2202 1113 2551 1161 subsessilibus

392 1193 475 1242 per
505 1181 591 1227 6-9
615 1178 919 1226 verticillatis
956 1177 1239 1226 lanceolatis
1265 1176 1421 1224 acutis
1449 1176 1647 1224 serratis
1678 1175 1785 1223 basi
1820 1177 2114 1239 angustatis,
2156 1178 2288 1240 spica
2321 1179 2551 1241 elongata

391 1248 554 1293 crassa
581 1246 758 1309 saepius
793 1244 1030 1302 solitaria,
1071 1243 1274 1292 floribus
1295 1243 1657 1292 subsessilibus.
1684 1238 1754 1308 ’λζ
1774 1240 1828 1289 ἰιι
1852 1242 2092 1290 Dahuriil.
2122 1243 2403 1306 Leptandra
2427 1247 2549 1294 Sibi-

393 1313 495 1360 riea
512 1312 652 1361 Nutt.
673 1326 789 1374 gen.
818 1313 864 1359 1.
886 1326 936 1374 p.
964 1313 1012 1357 8.
1035 1308 1316 1373 Eustaehya
1331 1309 1545 1357 coerulea
1568 1307 1728 1357 Rafin.
1754 1309 1788 1356 l.
1817 1323 1862 1356 c.
1889 1307 2143 1358 Paederota
2158 1309 2372 1359 Sibirica
2386 1313 2544 1377 Walp.

394 1393 496 1443 rep.
522 1383 573 1427 3.
598 1395 647 1442 p.
670 1381 785 1426 369.
818 1377 1008 1440 Species
1035 1377 1120 1426 vix
1145 1392 1200 1424 ac
1225 1391 1286 1424 ne
1317 1376 1400 1424 vix
1426 1391 1456 1423 a
1478 1375 1545 1422 V.
1578 1375 1840 1440 Virginiess
1863 1374 2111 1424 distincta.
2137 1377 2221 1440 (v.
2251 1393 2294 1425 s.
2318 1379 2337 1440 )

319 1465 411 1510 ³30.
443 1460 510 1510 V.
531 1471 845 1508 rums-aona
868 1457 1051 1519 (Fisch.
1078 1457 1231 1520 Mey.!
1259 1457 1364 1504 ind.
1389 1459 1440 1504 2.
1466 1472 1588 1505 sem.
1624 1456 1755 1505 hort.
1777 1463 1964 1520 peti-op.
1991 1472 2041 1520 p.
2068 1460 2171 1519 53),
2194 1467 2376 1516 erecta.
2401 1461 2543 1520 elata,

392 1528 594 1590 glabra,
620 1526 750 1575 ioliis
780 1525 960 1589 sparsis
991 1523 1471 1573 lineari-lanceolatis
1509 1524 1664 1572 acutis
1697 1523 1896 1570 serratis
1927 1524 2030 1571 basi
2062 1527 2342 1588 angustatis
2374 1528 2550 1576 sessili-

392 1594 508 1653 bus,
544 1608 735 1641 racemo
769 1591 916 1639 denso
953 1591 1197 1644 solitario.
1239 1590 1486 1653 pedicellis
1513 1591 1729 1654 calycem
1756 1590 2177 1652 subaequantibus.
2203 1587 2272 1654 ‘1ss
2296 1594 2349 1640 iu
2388 1593 2550 1642 Dabu-

393 1663 482 1710 rioe
520 1661 673 1723 pratis
715 1656 932 1706 humidis
957 1657 1342 1719 (Turezaninow
1360 1656 1372 1703 l
1393 1658 1429 1718 ).
1461 1655 1739 1720 Leptandra
1757 1654 1941 1718 Meyeri
1971 1656 2035 1705 G.
2066 1657 2175 1706 Don
2198 1673 2315 1722 geu.
2342 1667 2467 1722 syst.
2496 1663 2547 1708 4.

391 1742 441 1791 p.
469 1729 584 1774 579.
616 1724 869 1774 Paederota
896 1722 1125 1773 tubiflora
1155 1723 1316 1785 Walp.
1355 1729 1477 1789 syst.
1502 1727 1554 1770 3.
1584 1738 1633 1786 p.
1670 1725 1785 1770 370.
1811 1749 1879 1759 -
1899 1722 2038 1788 Folia
2067 1725 2179 1785 13-:3
2214 1725 2339 1788 poll.
2367 1726 2544 1791 longa,

395 1796 474 1843 1-3
498 1792 588 1841 lin.
626 1794 745 1840 lata.
775 1791 940 1840 Flores
962 1789 1062 1839 fere
1079 1790 1146 1840 V.
1181 1788 1400 1840 Sibiricae
1432 1789 1514 1837 sed
1533 1789 1733 1854 longius
1754 1788 2047 1851 pedicellati.
2082 1790 2281 1839 Corolla
2312 1794 2548 1841 coerulea.

393 1861 537 1910 Folia
570 1858 804 1906 inferiora
825 1872 923 1906 non
949 1857 1049 1905 vicli
1079 1863 1128 1905 et
1151 1857 1314 1905 nescio
1347 1873 1411 1906 an
1438 1857 1541 1905 sint
1564 1864 1619 1905 ut
1641 1858 1693 1905 in
1717 1855 1946 1904 omnibus
1967 1859 2157 1905 eoeteris
2181 1857 2444 1907 Veronicis
2468 1875 2551 1922 op·

395 1925 680 2040 postitabve}I
693 1924 1006 2052 velit-tipillata,
1042 1923 1292 1987 superiora
1313 1915 1503 1973 alterna
1531 1930 1646 1973 sunt
1666 1922 1740 1972 vel
1764 1921 2100 1986 irregulariter
2127 1925 2443 1975 verticillata.
2482 1927 2546 1990 (v.

397 2008 448 2041 ιιι
507 2006 561 2041 er
599 2026 612 2038 .
681 2005 739 2039 oo
783 2024 795 2037 .

542 2103 725 2160 Sectio
765 2116 849 2157 ιιι.
886 2101 1425 2160 Psennonsmcmi
1467 2101 1629 2159 Koch
1653 2117 1776 2174 syn.
1800 2103 1860 2174 fl.
1891 2118 2065 2175 yerm.
2104 2119 2168 2176 p.
2194 2103 2328 2161 527.

394 2207 570 2257 Herbae
593 2208 732 2256 elatae
752 2221 1004 2272 perennes.
1038 2206 1181 2255 Folia
1221 2209 1444 2273 opposita
1474 2206 1553 2257 vel
1576 2207 1737 2258 rarius
1775 2209 2087 2258 verticillata.
2122 2209 2291 2258 Flores
2318 2209 2371 2258 in
2404 2207 2549 2275 spicis

327 2277 588 2326 racemisve
613 2274 950 2324 terminalibus
966 2274 1211 2339 elongatis
1226 2276 1458 2324 solitariis
1476 2276 1830 2340 paniculatisve
1840 2277 2107 2326 numerosi.
2126 2278 2346 2326 Bracteoe
2366 2292 2544 2341 parve,

327 2343 486 2407 Calyx
509 2341 685 2406 saepius
716 2340 919 2389 4·fidus.
953 2341 1159 2392 Corolloe
1180 2343 1328 2390 tubus
1359 2342 1621 2391 latitudine
1644 2345 1732 2391 sua
1760 2343 1974 2407 longior,
1997 2339 2213 2407 calyeem
2237 2344 2315 2392 vel
2340 2344 2547 2393 limbum

330 2424 473 2457 suum
501 2412 587 2457 vix
626 2408 861 2457 excedens
889 2409 967 2456 vel
997 2407 1058 2456 iis
1083 2408 1295 2458 brevior.
1329 2409 1542 2473 capsula
1569 2409 1938 2459 suborbiculata
1965 2426 1995 2458 a
2024 2411 2176 2458 latere
2207 2410 2383 2459 leviter
2419 2424 2549 2459 com·

328 2489 518 2539 pressa,
557 2475 732 2523 obtusa
753 2475 830 2523 vel
852 2474 1182 2538 emarginata,
1210 2475 1423 2525 valvulis
1453 2476 1551 2524 fere
1580 2476 1642 2524 ad
1674 2492 1704 2524 a
1738 2476 1860 2524 icem
1882 2477 2117 2540 placentae
2134 2476 2332 2525 adnatis
2359 2477 2551 2526 semina

327 2556 605 2606 compressa
633 2542 751 2591 hinc
792 2540 941 2605 plana
967 2542 1043 2590 vel
1069 2542 1359 2591 bicouvexa.
1401 2542 1593 2606 Species
1624 2543 1676 2590 in
1745 2547 1897 2607 uropfl
1930 2544 2202 2606 praesertim
2231 2544 2466 2593 orientali
2502 2554 2549 2593 et

327 2609 448 2657 Asia
467 2609 653 2658 rossicfl.
696 2615 982 2667 crescentes,
1009 2609 1263 2658 nonnullas
1289 2609 1342 2657 in
1377 2610 1533 2659 hortis
1556 2610 1737 2658 nostris
1762 2609 1847 2658 diu
1874 2613 2019 2660 cultae
2044 2610 2225 2659 ibidem
2244 2607 2549 2660 intermediis

328 2674 610 2751 hybridisve
638 2675 912 2724 numerosis
932 2674 1078 2724 valde
1107 2675 1340 2724 confusae.

329 2774 415 2822 31.
448 2772 516 2822 V.
561 2785 946 2822 sussimrnoas
989 2772 1220 2837 (Bungel
1264 2773 1316 2822 in
1351 2772 1531 2823 Ledeb.
1563 2772 1615 2823 fl.
1643 2775 1733 2824 alt.
1765 2776 1812 2823 l.
1847 2790 1896 2838 p.
1926 2776 2008 2823 32.
2046 2773 2165 2823 Led.
2203 2773 2278 2822 ill.
2320 2781 2358 2822 t.
2399 2773 2545 2837 126),

394 2842 533 2889 caule
552 2841 856 2904 pubescente,
892 2839 1024 2889 foliis
1049 2840 1229 2905 sparsis
1257 2839 1782 2904 oblongo-lanceolatis
1809 2840 2051 2905 profunde
2074 2839 2397 2905 pinnatitidis‚
2427 2842 2548 2889 laci-

394 2908 489 2956 niis
507 2908 663 2956 ovatis
685 2907 1043 2964 lanceolatisve‚
1083 2906 1314 2970 utrinque
1345 2908 1614 2971 puberum,
1640 2908 1785 2972 spicis
1811 2908 2045 2957 solitariis
2073 2908 2319 2971 paucisve,
2346 2906 2553 2956 floribus

395 2979 526 3022 arete
562 2973 830 3023 sessilibus.
865 2969 932 3037 26
952 2974 1004 3022 in
1039 2972 1226 3022 Rossiae
1253 2975 1444 3023 altaicae
1480 2975 1602 3023 loeis
1643 2976 1891 3023 sterilibus
1922 2974 2096 3023 deserti
2127 2974 2190 3021 ad
2231 2974 2283 3021 fl.
2322 2974 2480 3022 Kurai
2505 2982 2553 3021 et

402 3039 621 3105 Tschuja
645 3040 837 3103 (Bunge
853 3039 906 3100 l).
933 3039 1146 3088 Habitus
1170 3040 1270 3089 fere
1289 3041 1357 3089 V.
1382 3042 1599 3104 pinnatae
1626 3043 1702 3091 vel
1726 3042 1792 3090 V.
1819 3041 2009 3098 incisa,
2040 3040 2124 3089 sed
2147 3041 2311 3088 minor
2337 3048 2389 3089 et
2420 3039 2551 3088 flori·

397 3107 489 3156 bus
513 3108 761 3156 sessilibus
782 3107 925 3155 facile
958 3105 1264 3170 dignoscitur
1292 3109 1360 3171 (v.
1391 3109 1445 3156 in
1474 3108 1615 3157 herb.
1638 3107 1799 3158 Hook.
1828 3115 1878 3157 et
1900 3107 2001 3156 DC.
2028 3108 2047 3169 )

253 3226 298 3237 ...
327 3193 411 3239 32.
447 3190 513 3239 V.
554 3204 798 3240 rrimus
829 3190 1028 3253 (Linn.l
1054 3197 1209 3240 mant.
1249 3207 1297 3254 p.
1325 3192 1444 3254 24),
1473 3192 1649 3255 glabra
1682 3192 1760 3240 vel
1782 3191 2371 3255 canescenti-pubescens,
2416 3188 2549 3239 soliis

395 3256 576 3321 sparsis
610 3257 1063 3306 subfasciculatisve
1094 3257 1410 3307 inferioribus
1444 3259 1779 3321 pinuatisoetis
1806 3258 2070 3322 segmentis
2094 3258 2340 3306 subulatis
2361 3256 2547 3305 ‹linri-

395 3324 518 3372 eatis
537 3358 550 3382 ,
595 3325 924 3389 superioribus
962 3324 1268 3388 pinnatifidis
1307 3325 1668 3387 simplicibusve
1706 3325 1946 3373 subulatis
1965 3359 1979 3382 ‚
2026 3325 2234 3373 racemis
2276 3324 2549 3388 gracilibus

398 3390 630 3438 solitariis
649 3390 1018 3453 paniculatisve‚
1045 3390 1294 3454 pedicellis
1319 3391 1486 3455 calyce
1510 3392 1927 3455 sublongioribus.
1947 3388 2016 3455 Ἡ
2033 3391 2085 3439 in
2109 3390 2287 3453 apricis
2307 3391 2551 3438 montosis

396 3448 579 3503 Rossiae
607 3457 798 3505 altaicae
823 3457 1205 3520 frequentissime
1230 3458 1438 3522 (meh.
1466 3466 1514 3507 et
1533 3459 1756 3521 Buugel)
1800 3485 1865 3496 —
1889 3457 2074 3506 Hoffm.
2099 3472 2282 3505 comm.
2305 3464 2435 3521 gott.
2468 3458 2547 3505 15.

391 3528 429 3569 t.
468 3522 547 3569 10.
601 3522 774 3571 Laxm.
815 3534 910 3572 aet.
953 3524 1091 3573 acad.
1140 3531 1326 3588 petrop.
1363 3527 1511 3574 1770.
1554 3534 1592 3574 t.
1640 3528 1724 3574 29.
1765 3524 1803 3573 f.
1857 3527 1904 3574 1.
1950 3524 2129 3572 Planta
2163 3523 2349 3572 mirum
2390 3524 2551 3571 variat

397 3586 559 3700 auoad
582 3588 893 3638 altitudinem
916 3591 1073 3640 caulis
1095 3593 1147 3654 (4
1165 3589 1287 3655 poll.
1311 3591 1376 3640 ad
1396 3595 1429 3638 2
1454 3591 1544 3656 ped
1554 3592 1607 3654 .)‚
1624 3591 1856 3641 foliorum
1876 3591 2143 3640 latudinem
2158 3597 2207 3638 et
2229 3591 2548 3653 partitionem

433 3668 670 3716 orumque
687 3656 918 3715 colorem,
942 3672 1030 3706 nec
1043 3673 1140 3707 non
1158 3658 1286 3720 pube
1300 3658 1452 3707 densa
1470 3659 1545 3706 vel
1564 3658 1813 3707 subuulla.
1834 3658 1974 3709 Folia
1985 3658 2315 3706 crassiuseula
2332 3656 2551 3705 nitidula

396 3720 662 3782 saepissime
684 3720 879 3786 glabra.
903 3724 1106 3787 Calyces
1127 3725 1262 3788 parvi
1300 3725 1563 3789 segmentis
1587 3731 1795 3789 anguste
1827 3724 2113 3774 lanceolatis
2140 3723 2344 3773 corollae
2369 3724 2548 3772 tubum

394 3787 811 3850 subsequentibus.
838 3790 903 3853 (v.
931 3794 995 3854 s.)

231 3902 296 3921 2-
329 3871 412 3919 83.
449 3871 518 3920 V.
541 3885 699 3921 ura
741 3873 926 3936 (Karil.
968 3881 1016 3922 et
1052 3875 1183 3924 Kir.!
1211 3876 1262 3923 iu
1285 3875 1415 3924 bull.
1439 3891 1595 3939 mosq.
1641 3876 1788 3924 1842.
1827 3892 1875 3940 p.
1904 3876 2070 3938 414),
2098 3875 2366 3939 puberula‚
2414 3874 2553 3923 soliis

396 3936 698 3987 fasciculatis
722 3940 1009 3989 subsalcatis
1028 3941 1294 3991 linearibus
1319 3943 1615 3992 acuminatis
1637 3943 1742 3992 basi
1765 3942 2040 4006 angustatis
2061 3957 2231 4006 grosse
2251 3949 2302 3991 et
2328 3943 2553 4004 inaqua-

395 4003 506 4052 liter
532 4006 729 4054 serratis
753 4007 1174 4071 integerrimisque
1200 4010 1528 4073 superioribus
1553 4011 1780 4061 omnibus
1803 4009 2158 4073 integerrimis,
2195 4009 2404 4059 racemis
2432 4007 2556 4057 soli·

395 4069 537 4119 tariis
575 4072 649 4120 vel
690 4071 932 4134 plurimis,
966 4072 1171 4125 floribus
1206 4074 1524 4141 pcdieellatis.
1556 4074 1624 4138 25
1648 4076 1702 4130 iu
1742 4075 2047 4140 rupestribus
2082 4076 2330 4126 montium
2364 4076 2555 4125 Alma

399 4134 549 4198 (Kar.
579 4136 854 4202 simi-512)
877 4171 889 4185 .
931 4138 996 4188 V.
1026 4140 1240 4205 piunatae
1271 4157 1419 4207 quam
1444 4143 1656 4195 maxime
1682 4143 1842 4195 affluis
1877 4142 2010 4195 foliis
2039 4147 2203 4197 tamea
2242 4143 2296 4195 iu
2328 4142 2556 4197 millibus
