2808 4538
198 307 203 312 -
261 289 662 328 nmmum
730 259 1618 328 SCROPHULARIACEAE
1666 261 1921 350 (Aucron
1947 272 2186 325 ΒΕΝΤΗ.
2213 264 2254 352 j.
2361 264 2495 329 289

261 377 398 449 celia
421 376 585 449 vulgo
608 376 842 444 rosulata
860 417 874 444 ‚
900 375 1117 431 caulius
1134 374 1344 432 alterna
1361 415 1375 442 ‚
1409 389 1480 430 an
1520 381 1640 431 usta
1656 417 1670 444 ‚
1696 376 1926 434 dissecta
1952 375 2036 433 vel
2061 376 2288 449 integra.
2311 378 2493 435 Flores

261 449 417 523 parvi
444 448 500 530 iu
526 463 803 506 racemum
839 447 1228 520 spicisormem,
1257 447 1460 518 saepius
1504 461 1703 519 ongum
1736 449 2006 523 virgatum
2041 456 2099 506 et
2134 450 2494 523 interruptum

262 522 502 593 dmm
510 560 525 575 ’
1128 589 1156 616 *
1189 594 1373 640 cof-oua
1390 594 1644 640 caecarum.

264 693 312 742 1.
350 691 418 742 A.
452 701 897 740 Bnnumromuu
920 686 1077 750 (Desf.
1100 687 1278 738 cham!
1305 703 1535 752 monogr.
1552 705 1602 753 p.
1632 691 1747 738 175.
1770 694 1807 739 t.
1838 690 1920 753 10)
1938 725 1951 750 ,
1978 691 2236 756 glabrum,
2263 689 2400 742 foliis
2412 709 2495 744 ra-

331 758 577 807 dicalibus
607 755 900 821 spathulatis
932 755 1011 803 vel
1039 755 1558 804 obovato—lanceolatis
1583 756 1980 806 inciso-dentatis
2007 759 2242 808 rosulatis
2260 795 2272 819 ,
2307 776 2498 810 ramea-

330 826 467 874 libns
486 826 743 873 3-7-sectis
767 823 1031 886 segmentis
1049 821 1319 870 linearibus
1332 856 1345 880 ‚
1372 837 1568 870 racemo
1581 824 1814 887 elongato
1828 826 2036 887 gracili,
2057 827 2311 890 pedicellis
2332 829 2503 892 calyce

329 892 661 941 brevioribus.
690 893 751 952 ᾧ
776 891 828 937 in
860 890 1068 952 Europae
1100 888 1418 937 occidentalis
1443 890 1675 952 (regionis
1717 891 2013 956 calcareae?)
2044 893 2286 942 ruderatis
2306 901 2356 943 et
2381 896 2504 944 locis

334 959 578 1017 humidis,
597 959 651 1006 in
675 956 858 1013 Gallia,
877 955 1153 1015 Lusitania,
1179 955 1422 1018 Hispania
1436 989 1449 1014 ,
1477 956 1699 1004 Helvetia
1719 965 1767 1005 et
1789 957 1934 1006 Italia
1954 960 2220 1022 superiore.
2234 960 2500 1010 —Hoffm.

336 1033 385 1075 et
404 1025 538 1074 Link
560 1025 614 1073 fl.
642 1031 766 1087 port.
794 1030 832 1072 t.
859 1026 941 1070 32.
969 1024 1078 1071 Bot.
1113 1037 1246 1086 mag.
1276 1030 1312 1070 t.
1338 1025 1491 1072 2056.
1532 1022 1758 1071 Antirrh.
1796 1024 2146 1075 bellidifolium
2168 1028 2336 1076 Linn.!
2365 1044 2496 1094 spec.

337 1109 388 1158 p.
415 1095 530 1140 860.
560 1090 765 1140 Linaria
785 1089 1084 1138 bellidisolia
1104 1088 1554 1138 Dum.Cours.bot.
1579 1093 1628 1137 3.
1652 1106 1702 1154 p.
1727 1092 1841 1138 111.
1866 1092 2106 1142 Dodartia
2126 1093 2328 1143 Linaria
2344 1094 2497 1144 Mill-1

338 1160 457 1208 diet.
499 1175 554 1207 n.
599 1161 652 1205 2.
696 1157 872 1207 Caules
911 1156 1093 1220 virgati
1136 1155 1462 1219 1-2-peda1es,
1499 1156 1713 1219 primum
1760 1156 1954 1220 foliosi,
1999 1159 2111 1209 dein
2141 1159 2242 1209 fere
2285 1162 2495 1226 aphylli.

334 1227 499 1290 Calyx
540 1225 717 1274 tubum
740 1224 937 1273 corollae
964 1235 1166 1286 aequans
1190 1224 1268 1270 vel
1294 1222 1381 1270 vix
1414 1225 1471 1271 ea
1505 1223 1714 1272 dimidio
1748 1223 1961 1273 brevior.
2000 1227 2198 1276 Corona
2234 1227 2322 1278 vix
2346 1231 2378 1276 2
2401 1229 2497 1277 lin.

328 1293 517 1358 longa,
545 1292 783 1351 coerulea,
812 1291 1005 1340 laciniis
1026 1289 1169 1338 limbi
1194 1289 1306 1338 albo
1330 1289 1625 1353 marginatis
1641 1326 1654 1349 ,
1690 1291 1881 1342 calcare
1903 1292 2039 1341 brevi
2071 1301 2289 1344 arcuato.
2314 1297 2380 1358 (v.
2403 1296 2470 1358 s.)

268 1381 320 1426 2.
354 1376 422 1425 A.
462 1386 826 1423 mant-nomn(
845 1374 1043 1438 (Boiss.!
1071 1372 1259 1421 elench.
1288 1389 1337 1437 p.
1366 1374 1449 1420 71.
1477 1388 1589 1436 voy.
1616 1373 1734 1436 Esp.
1759 1389 1807 1436 p.
1836 1373 1953 1421 448.
1982 1382 2019 1422 t.
2050 1377 2192 1439 127),
2236 1378 2500 1441 glabrum,

336 1443 474 1492 soliis
499 1442 797 1491 radicalibus
820 1441 1050 1491 rosulatis
1077 1440 1368 1503 spathulatis
1390 1440 1580 1488 obtusis
1597 1439 1929 1502 integerrimis
1948 1441 2025 1489 vel
2049 1443 2357 1492 obtusissimo
2381 1445 2499 1494 ‹len-

336 1511 475 1567 tatis‚
502 1508 715 1558 caulinis
746 1508 952 1573 integris
987 1507 1256 1557 trisectisve
1294 1507 1559 1571 segmentis
1594 1506 1863 1554 linearibus
1885 1507 2053 1570 paucis
2072 1544 2085 1570 ‚
2110 1525 2303 1558 racemo
2325 1512 2506 1575 gracil-

334 1578 459 1626 limo
499 1577 632 1635 laxo,
658 1574 909 1639 pedicellis
930 1577 1098 1639 calyce
1115 1572 1444 1636 longioribus.
1475 1577 1528 1633 ξ.)
1554 1573 1606 1621 in
1623 1573 1827 1635 rupibus
1851 1573 2016 1622 Sierra
2033 1574 2234 1624 Nevada
2256 1576 2510 1641 Hispania

340 1643 580 1708 (Boissier
602 1643 614 1690 Ξ
634 1647 670 1703 ).
708 1642 895 1691 Habitu
917 1643 979 1690 ab
1001 1645 1066 1690 A.
1093 1639 1387 1689 bellidifolio
1424 1640 1546 1687 bene
1585 1639 1889 1688 distinctum.
1931 1641 2133 1706 Calyces
2166 1644 2282 1691 tubo
2310 1644 2511 1693 corolloe

340 1710 590 1774 subtr-ipio
610 1709 876 1757 breviores.
904 1709 1105 1759 Corolla
1146 1708 1288 1765 alba,
1318 1707 1470 1770 paulo
1491 1704 1653 1770 major
1683 1721 1830 1770 quam
1853 1708 1904 1755 in
1928 1709 1993 1756 A.
2032 1708 2412 1759 bellidifolio.—-
2426 1712 2508 1760 An

338 1778 440 1826 huc
478 1776 691 1841 pertinet
731 1777 901 1840 planta
929 1776 1117 1826 corsica
1149 1777 1204 1823 in
1235 1772 1376 1822 herb.
1416 1773 1526 1837 Gay
1544 1788 1576 1821 a
1594 1773 1748 1822 Chav.
1777 1774 1829 1821 in
1853 1789 2082 1839 monogr.
2109 1792 2159 1842 p.
2189 1779 2282 1825 177
2324 1776 2537 1828 memo·'

339 1843 489 1910 rata?
513 1845 580 1904 (v.
605 1859 646 1891 s.
674 1858 851 1891 comm.
879 1859 910 1891 a
929 1843 993 1892 cl.
1014 1841 1271 1903 Boissier.)

275 1933 327 1978 3.
366 1931 432 1980 A.
470 1928 835 1976 Dummmmt
870 1926 1062 1990 (Cimini
1100 1940 1329 1990 monogr.
1364 1940 1416 1988 p.
1461 1923 1604 1987 177),
1631 1924 1892 1984 villosum,
1918 1925 2052 1975 foliis
2074 1926 2372 1977 radicalibus
2393 1929 2510 1978 sub-

345 1995 642 2059 spathulatis
665 1993 1077 2049 inciso-dentatis,
1105 1992 1400 2040 ramealibus
1423 1990 1666 2054 plerisque
1705 1991 1915 2041 trisectis
1959 1994 2072 2043 lobo
2104 1995 2265 2044 medio
2289 1997 2510 2045 maximo

346 2062 626 2111 lanceolato
668 2062 746 2109 vel
786 2061 1004 2124 oblongo
1047 2059 1364 2119 denticulato,
1411 2061 1652 2121 supremis
1692 2059 2043 2123 integerrimis.
2070 2064 2130 2123 ᾧ
2157 2063 2207 2110 in
2238 2063 2510 2112 Lusitania

345 2129 563 2178 borealis
609 2129 752 2176 terris
793 2128 1010 2176 humidis
1042 2132 1090 2175 et
1128 2126 1324 2173 macris.
1368 2125 1594 2174 Antirrh.
1639 2125 1980 2175 Duriminium
2019 2129 2158 2177 Brot.
2192 2128 2245 2178 fl.
2275 2131 2414 2178 lusit.
2455 2132 2506 2179 1.

344 2211 397 2260 p.
450 2197 567 2243 199.
600 2194 819 2244 Anarrh.
866 2194 1114 2242 hirsutum
1158 2192 1343 2240 Hoffm.
1391 2199 1439 2241 et
1461 2191 1590 2240 Link
1613 2192 1665 2241 fl.
1704 2200 1831 2257 port.
1863 2207 1912 2256 p.
1944 2196 2061 2244 224.
2108 2202 2147 2243 t.
2185 2199 2267 2244 33.
2313 2197 2513 2246 Corolla

349 2263 538 2327 pilosa,
566 2261 1042 2328 albido-snlphnrea,
1070 2259 1231 2324 major
1255 2275 1313 2309 ac
1332 2259 1385 2308 in
1421 2261 1485 2308 A.
1527 2260 1819 2311 bellidifolio
1836 2295 1849 2320 ‚
1880 2261 2072 2312 calcare
2094 2263 2297 2315 incurvo
2334 2264 2510 2314 tubum

351 2330 655 2392 adaequante.
685 2331 751 2393 (v.
777 2329 829 2377 in
852 2329 988 2377 herb.
1017 2328 1119 2376 DC.
1141 2328 1159 2390 )

279 2417 334 2464 4.
372 2413 441 2462 A.
480 2422 741 2460 rimarunt
776 2410 951 2473 (Dens-2
996 2409 1048 2458 fl.
1089 2411 1178 2458 atl.
1218 2411 1269 2456 2.
1301 2424 1353 2472 p.
1387 2410 1471 2456 51.
1513 2416 1552 2458 t.
1604 2409 1719 2458 141.
1757 2410 1932 2462 Chav.!
1978 2427 2203 2476 monogr.
2247 2429 2298 2477 p.
2325 2415 2509 2478 1⁷8),

345 2479 541 2528 inferne
557 2479 814 2543 glabrum,
842 2491 1047 2541 superne
1082 2477 1315 2525 villosum
1332 2510 1345 2535 ‚
1382 2474 1516 2524 foliis
1538 2476 1842 2527 radicalibus
1865 2478 2095 2543 oblongis
2116 2479 2511 2530 inciso-dentatis

349 2547 522 2611 pilosis
558 2545 822 2593 suberectis
842 2580 857 2604 ‚
899 2544 1199 2593 ramealibus
1245 2543 1495 2591 5-9-sectis
1539 2543 1728 2606 glabris
1748 2582 1760 2602 ,
1803 2547 2067 2610 segmentis
2110 2546 2505 2597 lato-linearibus

352 2614 533 2672 acutis,
582 2626 777 2661 racemo
816 2612 951 2660 brevi
984 2610 1175 2658 villoso.
1209 2607 1297 2670 (2ss
1320 2610 1373 2657 in
1396 2609 1605 2658 collibus
1631 2610 1787 2659 aridis
1813 2613 2050 2677 Algerise.
2097 2613 2237 2662 Folia
2273 2614 2514 2665 radicalia

351 2680 437 2729 vix
462 2680 540 2729 vel
563 2694 663 2728 non
686 2679 931 2737 rosulae,
957 2679 1211 2726 caulinum
1233 2683 1486 2740 segmenta
1505 2677 1683 2725 latiora
1704 2690 1852 2740 quam
1878 2681 1933 2728 in
1963 2682 2027 2728 A.
2061 2678 2372 2730 bellidisolio.
2414 2683 2511 2732 Co-

354 2748 483 2799 rolia
498 2745 685 2810 major,
709 2747 855 2805 alba,
885 2745 1106 2805 hirsuta,
1133 2743 1321 2792 calcare
1344 2744 1480 2792 brevi
1503 2743 1726 2793 incurvo.
1753 2746 1770 2807 (
1793 2761 1841 2795 v.
1869 2747 1922 2794 in
1955 2746 2095 2797 herb.
2113 2745 2277 2795 Hook.
2302 2755 2354 2798 et
2381 2749 2512 2814 Dc.)

1099 2842 1127 2869 '¹'
1143 2842 1169 2869 *
1205 2847 1385 2892 Corona
1429 2847 1707 2893 ecalcarata.

288 2951 337 2996 5.
377 2944 443 2996 A.
482 2956 837 2995 rnuricostm
862 2941 1058 3005 (Desffl
1092 2940 1144 2988 fla
1179 2942 1264 2991 etl.
1292 2944 1343 2988 2.
1374 2957 1423 3004 p.
1455 2944 1538 2988 52.
1580 2946 1617 2989 t.
1660 2941 1774 2989 142.
1810 2939 1985 2990 Clima!
2026 2957 2254 3006 monogr.
2280 2958 2330 3006 p.
2359 2945 2508 3009 179),

352 3011 615 3078 glabrum,
650 3010 1017 3059 suffruticosum
1037 3045 1049 3068 ,
1077 3008 1228 3056 ramis
1249 3007 1493 3072 elongatis
1517 3007 1748 3071 virgatis.
1773 3007 1907 3057 soliis
1929 3006 2245 3058 inferioribus
2265 3011 2514 3061 cuneifor-

353 3080 518 3128 mibus
552 3078 906 3142 spathulatisve
938 3077 1177 3139 plerisque
1205 3074 1480 3123 tridentatis
1503 3110 1514 3131 ‚
1555 3074 1886 3137 superioribus
1915 3075 2140 3139 oblongis
2172 3069 2254 3124 vel
2281 3077 2515 3141 oblongo-

354 3147 630 3195 linearibus
650 3144 1004 3202 crassiusculis‚
1033 3158 1226 3191 racemo
1253 3143 1482 3205 elongato
1503 3141 1792 3205 interrupto.
1832 3147 1865 3206 ᾖ
1903 3141 1956 3191 in
1978 3142 2182 3191 Atlante
2204 3144 2512 3207 (Dessont.!).

354 3214 525 3263 Cauiis
561 3212 722 3260 brevis
746 3246 758 3270 ,
798 3218 1073 3268 tortuosus,
1111 3209 1262 3257 ramis
1295 3209 1400 3256 basi
1436 3208 1716 3272 patentibus
1747 3209 1922 3273 rigidis
1955 3208 2337 3273 1-2-pedalibus.
2375 3212 2520 3262 Folia

355 3279 595 3329 inferiora
615 3286 666 3327 et
686 3278 851 3326 media
877 3277 1184 3341 longiuscule
1208 3276 1468 3339 petiolum,
1491 3275 1688 3334 obtusa,
1728 3278 1978 3339 superiora
1996 3277 2320 3326 acutiuscula.
2347 3278 2518 3329 Flores

356 3362 507 3409 quam
530 3347 585 3395 iu
607 3348 670 3395 A.
692 3343 984 3393 bellidifolio
1003 3344 1231 3392 minores.
1259 3343 1464 3407 Calyces
1490 3342 1703 3391 minimi.
1733 3343 1928 3393 Corolia
1947 3344 2080 3403 alba,
2107 3344 2239 3394 labio
2268 3346 2517 3410 superiore

354 3414 513 3463 brevi.
543 3416 610 3476 (v.
632 3415 687 3460 in
710 3411 847 3459 herb.
874 3410 1012 3473 DC.)

293 3503 340 3548 6.
378 3498 445 3549 A.
479 3509 817 3555 omnm-Am,
838 3495 1069 3560 glabrum
1092 3494 1169 3544 vel
1189 3494 1275 3542 vix
1294 3493 1456 3542 rarius
1477 3493 1799 3557 pubemlum.
1817 3493 1950 3544 foliis
1969 3496 2268 3545 radicalibus
2286 3504 2518 3548 cuneato-

357 3565 590 3628 oblongis
618 3562 1011 3612 inciso-dentatis
1028 3596 1042 3621 ‚
1068 3562 1280 3610 caulinis
1302 3560 1510 3609 trisectis
1531 3561 1834 3625 integrisque
1856 3564 2120 3626 segmentis
2140 3564 2410 3614 linearibus
2440 3566 2519 3615 vel

356 3630 845 3681 lineari-lanceolatis
885 3629 1217 3693 integerrimis
1251 3628 1440 3687 acutis,
1472 3643 1665 3676 racemo
1688 3629 1918 3692 elongato
1947 3631 2140 3694 gracili.
2171 3630 2257 3693 2L?
2290 3631 2343 3679 in
2376 3632 2520 3695 Syria

360 3698 622 3760 (Kotsehy‚
645 3698 892 3745 Montbret
915 3695 927 3743 !
957 3695 1150 3743 Aucher
1166 3696 1200 3758 ἔ)
1218 3731 1230 3753 ,
1254 3696 1305 3743 iu
1330 3694 1682 3757 Mesopotamia
1708 3694 1971 3760 (Kotschyl
1999 3713 2053 3745 n.
2080 3696 2233 3761 300),
2255 3698 2309 3746 iu
2333 3698 2522 3748 deserto

362 3765 561 3814 Sinaico
588 3762 762 3812 {Bovei
788 3780 840 3810 n.
864 3766 928 3810 74
951 3779 1011 3810 ex
1032 3762 1216 3826 parte),
1243 3761 1292 3809 in
1318 3761 1588 3826 Abyssinia
1611 3760 1905 3826 (Schimperi
1916 3788 1950 3825 2.
1976 3763 2192 3812 Anarrh.
2228 3763 2521 3815 fruticosum

363 3831 605 3894 Schimp.!
645 3830 910 3878 Decaisne!
957 3830 1262 3891 aliorumque
1298 3844 1397 3876 non
1433 3828 1569 3876 Desf.
1619 3827 1891 3878 Simbuleta
1932 3829 2105 3878 Forsk.
2146 3830 2198 3878 fl.
2236 3846 2331 3894 aeg.
2376 3834 2515 3882 arab.

362 3915 412 3962 p.
469 3899 589 3946 115.
633 3897 822 3945 Habitu
853 3904 900 3944 et
934 3895 1064 3944 foliis
1098 3895 1369 3959 praesertim
1402 3894 1719 3943 inferioribus
1747 3898 1814 3945 A.
1851 3896 2139 3946 bellidifolio
2176 3899 2392 3958 accedit,
2435 3898 2521 3948 sed

361 3965 590 4029 perennis
614 3963 830 4022 videtur,
859 3963 997 4011 caule
1025 3961 1308 4010 brevissimo
1331 3997 1343 4021 ,
1369 3962 1522 4009 ramis
1545 3962 1806 4026 elongatis.
1834 3962 2001 4012 Flores
2023 3963 2122 4012 sere
2152 3963 2215 4012 A.
2239 3964 2521 4013 bellidifolii

361 4032 445 4081 sed
476 4032 642 4080 calcar
675 4030 870 4078 nullum
898 4036 946 4078 et
974 4030 1161 4077 labium
1203 4028 1426 4092 superius
1461 4028 1822 4077 brevissimum.
1867 4029 1946 4078 Ab
1981 4031 2047 4077 A.
2093 4029 2328 4079 fruticoso
2362 4030 2526 4079 differt

362 4098 498 4147 foliis
516 4112 646 4161 ωερε
665 4097 875 4145 trisectis
898 4096 1122 4160 angustis
1143 4097 1300 4144 acutis
1321 4095 1489 4142 minus
1518 4095 1693 4144 crassis
1715 4102 1763 4143 et
1784 4095 1973 4143 habitu.
1997 4096 2064 4158 (v.
2086 4095 2151 4158 s.)

298 4181 346 4228 7.
383 4181 450 4231 A.
491 4191 811 4229 renascens
834 4178 1058 4243 (Fresen.
1085 4177 1214 4228 Mus.
1242 4175 1476 4226 senkenb.
1503 4192 1553 4240 p.
1579 4176 1665 4240 89)
1682 4212 1695 4237 ‚
1721 4176 1830 4227 basi
1852 4178 2148 4242 pubescens,
2187 4177 2321 4226 soliis
2341 4175 2513 4226 iniim‘⁴

474 4294 544 4337 x.
2183 4266 2269 4332 19
