2808 4538
288 243 376 310 24
714 228 715 231 ¹
848 241 1251 321 DICOTYL.
1305 264 1419 310 sm
1463 243 1952 311 EXOGENAE.
2271 266 2512 326 rcum.

359 356 503 407 facile
536 355 903 421 distinguenda,
924 372 1024 406 non
1048 356 1100 406 in
1124 358 1373 422 Pyrenaeis
1396 359 1568 408 stricto
1586 374 1731 409 sensu
1750 360 1832 408 sed
1863 359 1926 409 ad
1948 359 2138 410 radices
2168 360 2518 427 Pyrenaeorum

358 424 534 474 crescit
553 431 603 473 et
632 438 787 487 usque
805 423 869 471 ad
890 423 1138 474 Orientem
1165 432 1214 473 et
1235 424 1586 475 Mauritaniam
1610 427 1866 490 reperitur.
1894 428 1961 490 (v.
1987 443 2035 475 v.
2065 428 2161 492 sp.)

427 514 459 574 β
484 510 690 568 bifidum,
721 506 922 572 spiculis
950 506 1132 556 bifidis.
1163 512 1219 565 (ἑ)
1243 509 1375 557 circa
1396 508 1726 572 Monspelium
1764 516 1813 559 et
1847 509 1902 559 in
1933 500 2092 560 Creta.
2123 510 2246 560 Ech.
2290 511 2518 562 Italicum

492 573 621 623 Sieb.
644 573 657 622 l
676 574 744 638 pl.
767 588 871 623 exs.
897 574 1102 623 Accedit
1117 576 1373 639 paululum
1396 576 1834 625 adE.altissimum
1856 577 1942 626 sed
1965 577 2117 626 ramis
2135 577 2323 628 floridis
2343 580 2526 643 patulis

491 641 733 705 elongatis
760 639 1006 690 evidenter
1026 642 1124 690 buc
1145 642 1367 706 pertinet.
1392 645 1459 703 (v.
1483 643 1547 704 s.)

428 706 677 774 finanum
692 706 813 771 (Dc.
838 706 891 755 fl.
916 707 982 756 fr.
1005 709 1045 756 l.
1057 710 1123 769 c.)
1142 718 1319 758 trunco
1336 708 1637 768 abbreviato,
1659 710 1867 758 racemis
1889 709 1991 760 fere
2006 726 2034 760 e
2055 710 2185 759 collo
2203 709 2324 761 ortis
2342 713 2526 777 simpli·

495 775 635 824 cibus
649 810 663 835 ,
690 774 899 823 bracteis
921 774 1153 825 foliaceis.
1166 803 1233 813 —
1248 774 1307 824 In
1329 775 1727 840 Galloprovincifi
1744 775 1807 825 ad
1823 776 1945 826 vias.
1968 777 2141 827 Potius
2162 786 2440 829 monstrum
2465 795 2542 839 ex,

494 857 668 891 morsu
689 841 982 890 animalium
1006 841 1207 891 ortum?
1229 843 1297 905 (v.
1324 843 1391 906 s.)

296 931 382 978 49.
408 926 469 976 Β.
496 937 833 975 nussim
864 925 1027 989 (Jacq.
1053 925 1106 975 fl.
1130 933 1285 974 austr.
1313 930 1362 974 5.
1390 943 1440 990 p.
1469 930 1551 981 35.
1578 932 1616 974 t.
1646 927 1769 989 16.),
1798 929 1938 977 caule
1956 927 2194 978 herbaceo
2211 936 2371 978 erecto
2389 929 2526 979 tereti

365 992 578 1057 simplici
600 992 715 1041 setis
732 992 918 1056 patulis
939 992 1115 1057 rigidis
1140 991 1337 1057 hispido
1353 1029 1367 1053 ,
1393 993 1526 1041 foliis
1544 993 2034 1045 lineari-lanceolatis
2057 995 2526 1060 strigoso-hispidis,

365 1059 569 1124 spiculis
601 1058 768 1107 bifidis
799 1059 1143 1108 confertifloris
1165 1060 1286 1108 folio
1309 1059 1468 1108 florali
1491 1061 1796 1109 brevioribus
1836 1061 1888 1109 in
1927 1077 2176 1111 racemum
2200 1062 2531 1126 spicisormem

365 1127 652 1191 elongatum
686 1125 959 1190 dispositis,
992 1126 1178 1175 corolla
1212 1127 1486 1190 subaequali
1523 1128 1690 1191 calyce
1728 1127 2064 1191 hispidissimo
2098 1129 2248 1191 duplo
2278 1129 2527 1193 longiore,

367 1193 666 1257 genitah‘bus
688 1193 837 1257 longe
859 1194 1080 1244 exsertis.
1109 1196 1166 1252 (φῇ
1194 1192 1248 1240 in
1276 1195 1631 1257 campestribus
1655 1194 1795 1243 siccis
1828 1194 2118 1259 Hungarioe,
2141 1194 2369 1256 Creatioe,
2407 1196 2530 1244 Dal-

366 1260 551 1319 matiae,
572 1266 666 1308 etc.
695 1259 876 1322 (Ηοει),
895 1258 1268 1324 Transylvaniae
1299 1260 1569 1323 (Baumg.),
1594 1261 1815 1318 Tauriae,
1842 1261 2071 1321 Caucasi,
2099 1269 2147 1310 et
2167 1261 2338 1311 Iberioe
2370 1262 2528 1324 (Bieb.

366 1326 627 1387 Wilms.!).
654 1326 774 1374 1⁴:011.
802 1326 1153 1375 linearifolium
1175 1326 1372 1374 Moench
1404 1328 1563 1390 suppl.
1592 1328 1707 1376 149.
1732 1327 1790 1376 Ε.
1813 1328 2136 1391 asperrimum
2153 1327 2291 1377 Bieb.
2319 1327 2373 1375 fl.
2398 1336 2532 1377 taur.

369 1394 418 1442 1.
445 1409 495 1457 p.
525 1396 621 1442 135
643 1392 771 1441 excl.
800 1408 910 1456 syn.
940 1408 1045 1442 non
1069 1392 1210 1442 Lam.
1238 1391 1360 1442 Ech.
1386 1394 1618 1442 Italicum
1654 1393 1825 1443 Lehm.
1853 1411 1957 1458 asp.
2000 1411 2052 1443 n.
2090 1396 2184 1442 327
2233 1402 2333 1458 opt.
2372 1395 2534 1458 quoad

369 1459 525 1509 deser.
561 1458 647 1508 sed
672 1459 799 1507 excl.
826 1475 937 1522 syn.
970 1466 1019 1508 et
1040 1460 1134 1508 loc.
1170 1466 1272 1508 nat.
1298 1460 1429 1524 plur.
1465 1461 1576 1510 Cor.
1605 1460 1784 1524 pallide
1826 1462 2070 1511 rubentes.
2093 1456 2210 1511 Ic'on
2247 1462 2371 1510 Sow.
2395 1463 2528 1527 engl.

368 1526 470 1575 bot.
497 1533 536 1575 t.
561 1527 691 1574 2081
712 1525 811 1574 huo
834 1524 959 1574 sorte
976 1527 1205 1590 pertinet,
1234 1526 1320 1574 sed
1346 1542 1410 1575 ex
1438 1528 1608 1590 planta
1623 1527 1842 1576 'hortensi
1862 1528 2041 1592 petita.
2071 1528 2137 1590 (v.
2161 1543 2200 1576 s.
2238 1529 2333 1592 sp.)

437 1610 507 1684 p?
526 1614 759 1673 Beatam-oi,
785 1612 924 1660 caule
939 1612 1493 1676 angulato-subsulcatO,
1520 1612 1633 1661 setis
1656 1611 1887 1661 confertis
1905 1612 2145 1676 adpressis
2166 1619 2251 1660 aut
2264 1610 2327 1658 ad
2348 1611 2535 1674 apicem

503 1678 855 1743 subadpressis.
882 1678 1027 1726 —In
1050 1678 1235 1727 Tauria
1257 1679 1379 1743 legit
1406 1680 1469 1727 cl.
1496 1679 1715 1742 Beaupre
1750 1678 1834 1741 qui
1870 1678 1937 1726 ad
1960 1679 2017 1728 E.
2043 1679 2362 1742 asperrimum
2393 1677 2530 1726 Bieb.

504 1748 669 1796 refert.
697 1746 778 1795 An
801 1744 927 1793 forte
951 1746 1131 1807 species
1154 1747 1350 1810 propria
1374 1745 1483 1809 (1)·?
1509 1747 1576 1809 (v.
1602 1762 1643 1794 s.
1671 1746 1767 1808 sp.)

307 1837 390 1881 60.
428 1830 488 1881 E.
524 1830 860 1879 Foxrmsu
875 1862 888 1885 ,
919 1826 1058 1874 caule
1074 1826 1311 1875 herbaceo
1341 1826 1554 1888 simplici
1575 1826 1740 1874 stricte
1759 1830 1919 1874 erecto
1942 1826 2080 1875 tereti
2100 1825 2216 1874 setis
2233 1825 2339 1874 basi
2367 1825 2534 1874 tuber-

375 1896 558 1947 culosis
581 1894 763 1959 patulis
784 1893 980 1956 hispido
997 1899 1046 1939 et
1067 1892 1192 1939 inter
1218 1899 1344 1939 setas
1363 1891 1787 1955 pubere-velutino
1805 1927 1818 1951 ,
1843 1892 1980 1940 'foliis
2003 1891 2537 1956 elongato-lanceolatis

376 1966 491 2016 setis
513 1959 786 2026 subpatulis
806 1959 1038 2018 hirsutis,
1066 1957 1213 2021 spicis
1234 1958 1432 2009 bractea
1456 1959 1764 2023 longioribus
1784 1959 1958 2007 erectis
1994 1958 2301 2022 simplicibus
2323 1958 2375 2006 in
2398 1958 2538 2021 thyr-

376 2047 486 2082 sum
501 2030 783 2093 elongatum
801 2024 1025 2089 digestis,
1051 2025 1235 2073 corolla
1253 2024 1421 2087 calyce
1442 2025 1588 2089 triplo
1607 2026 1707 2074 fere
1728 2026 1971 2088 longiore,
1994 2025 2293 2090 genitalibus
2316 2026 2536 2074 exsertis.

380 2104 439 2155 (ἢ
465 2097 519 2146 in
544 2096 744 2145 Atlante
770 2107 918 2157 prope
953 2093 1181 2141 Tlemsen
1206 2091 1404 2154 (θοή),
1437 2091 1490 2141 in
1513 2093 1780 2157 pinguibus
1820 2092 2064 2141 montium
2103 2091 2541 2155 Hispano-Graiis-

376 2166 588 2217 tensium
625 2161 802 2225 (Boiss.
819 2160 874 2223 !)‚
902 2158 955 2206 in
977 2157 1257 2206 nemoribus
1282 2157 1570 2221 Bulgariae?
1591 2158 1802 2221 (d’Urv.)
1829 2158 1949 2207 Ech.
1975 2158 2158 2207 flavum
2182 2158 2318 2208 Deef.
2352 2157 2403 2207 fl.
2441 2160 2529 2207 atl.

379 2236 427 2283 1.
456 2250 505 2298 p.
532 2233 646 2280 165.
674 2235 711 2277 t.
727 2230 792 2276 45
808 2232 908 2291 opt.
934 2226 1091 2275 Roem.
1110 2230 1158 2274 et
1180 2223 1293 2273 Sch.
1318 2231 1440 2288 syst.
1465 2227 1515 2274 4.
1543 2241 1591 2289 p.
1623 2227 1682 2275 13
1708 2225 1835 2274 excl.
1861 2226 2071 2290 Lapeyr.
2094 2241 2204 2290 syn.
2229 2226 2390 2275 Boiss.
2416 2240 2531 2290 voy.

376 2301 490 2364 Esp.
524 2314 573 2363 p.
600 2298 718 2344 424.
757 2295 815 2344 Ε.
845 2293 1166 2342 Valentinum
1190 2292 1314 2356 Lag.
1342 2307 1458 2356 gen.
1493 2299 1542 2341 et
1565 2310 1636 2357 sp.
1677 2292 1846 2357 diagn.
1869 2309 1918 2356 p.
1950 2295 2030 2341 10.
2062 2309 2112 2341 n.
2147 2294 2237 2342 137
2263 2294 2358 2341 fide
2381 2293 2542 2341 Boiss.

380 2368 464 2431 qui
484 2380 611 2429 spec.
641 2362 777 2411 auth.
805 2361 944 2409 vidit.
976 2360 1184 2410 Corollae
1219 2358 1395 2407 albidae
1420 2374 1509 2408 nec
1529 2358 1685 2409 flavae.
1713 2357 1811 2408 Pili
1831 2360 1980 2409 totius
2003 2361 2184 2424 plantae
2209 2376 2296 2425 per
2329 2359 2545 2408 exsicca-

375 2435 561 2483 tionem
580 2430 864 2479 flavescunt.
902 2429 990 2491 (v.
1026 2443 1066 2475 s.
1094 2427 1111 2488 )
1144 2429 1147 2432 ’

315 2521 399 2570 51.
437 2517 495 2566 Ε.
535 2524 915 2563 Gnoussnxrms
952 2509 1107 2573 (Poir.
1136 2506 1251 2558 dict.
1279 2511 1328 2558 8.
1355 2525 1404 2575 p.
1437 2510 1583 2573 670),
1611 2509 1749 2559 caule
1770 2507 2006 2560 herbaceo
2025 2510 2134 2559 basi
2153 2511 2387 2559 indurato
2423 2511 2542 2559 sim·
2643 2503 2652 2510 ’

382 2581 501 2651 plici
523 2589 681 2630 erecto
704 2579 840 2627 tereti
865 2573 980 2626 setis
1003 2577 1188 2641 patulis
1209 2577 1537 2626 tuberculosis
1571 2577 1769 2640 hispido
1785 2610 1799 2634 ,
1836 2576 1969 2626 foliis
2007 2577 2546 2642 elongato-lanceolatis

384 2651 500 2702 setis
540 2646 874 2709 subadpressis
909 2645 1140 2706 utrinque
1169 2644 1378 2707 asperis,
1404 2644 1606 2708 spiculis
1630 2645 1694 2692 ad
1729 2643 1913 2692 axillas
1936 2644 2240 2692 subremotas
2261 2645 2544 2709 glomeratis

386 2719 438 2768 in
469 2729 717 2767 racemum
752 2710 1079 2778 spicisormem
1108 2711 1438 2775 interruptum
1463 2709 1694 2774 digestis,
1725 2709 1979 2775 calycibus
2000 2709 2344 2775 hispidissimis
2362 2711 2546 2758 corolla

385 2790 528 2837 extus
568 2781 799 2831 velutin&
822 2777 1025 2826 dimidio
1054 2777 1361 2826 brevioribus
1384 2778 1684 2841 genitalibus
1705 2778 1930 2826 exsertis.
1963 2780 2018 2828 (τῇ
2041 2777 2092 2825 in
2119 2777 2260 2841 Syria
2285 2776 2547 2840 (Labillar-

387 2851 545 2902 diere!
575 2848 736 2899 Auch.
756 2846 767 2894 !
796 2845 945 2905 2392,
975 2846 1103 2893 1898
1128 2844 1147 2906 )
1170 2844 1235 2892 ad
1253 2843 1443 2892 radices
1465 2845 1649 2893 montis
1673 2843 1853 2893 Libani
1879 2843 2102 2908 (Mei-yon
2122 2844 2158 2906 Σ)
2184 2847 2271 2906 (2).
2293 2842 2541 2892 —Lehm.

386 2935 490 2984 asp.
518 2934 570 2967 n.
601 2919 717 2964 326.
755 2913 867 2963 Cor.
896 2926 1073 2962 carnea
1099 2926 1243 2976 parce
1279 2909 1584 2975 irregularis.
1611 2910 1771 2960 Affine
1805 2911 1865 2960 E.
1895 2911 2187 2974 Pyreuaico.
2229 2911 2394 2960 Herba
2433 2913 2550 2957 2·3-

380 2985 569 3054 pedalis
587 2985 654 3049 (v.
679 2999 719 3031 s.
746 2983 843 3046 sp.)

454 3077 487 3142 ρ
520 3073 801 3128 elongatum,
835 3062 1037 3127 spiculis
1059 3060 1111 3109 in
1131 3075 1381 3109 racemum
1403 3060 1506 3109 fere
1523 3059 1812 3109 continuum
1834 3057 2054 3124 digestis.
2080 3087 2146 3096 —
2168 3059 2227 3109 E.
2263 3059 2550 3122 elongatum

520 3135 661 3184 Lm.
701 3132 778 3181 ill.
820 3146 873 3179 n.
911 3132 1060 3179 1855.
1081 3127 1214 3177 Poir.
1261 3128 1380 3176 dict.
1409 3129 1458 3175 8.
1484 3143 1532 3190 p.
1563 3126 1699 3174 669?
1724 3127 1932 3175 Videtur
1958 3126 2129 3175 eadem
2156 3126 2334 3189 species
2353 3123 2473 3174 olim
2497 3125 2548 3173 in

517 3201 679 3251 hortis
712 3195 1063 3264 parisiensibus
1099 3195 1249 3242 culta.
1276 3194 1355 3242 An
1392 3194 1517 3243 Ech.
1555 3193 1850 3259 papillosum
1876 3191 2048 3242 Lehm.
2090 3208 2192 3257 asp.
2231 3208 2281 3240 n.
2309 3189 2446 3240 325?
2466 3206 2551 3240 seu

521 3265 850 3330 Symphytnm
872 3261 1143 3311 secundum
1170 3260 1330 3310 Gmel.
1356 3257 1469 3308 itin.
1497 3263 1547 3308 3.
1571 3268 1606 3309 t.
1640 3264 1723 3309 36.
1746 3260 1785 3309 s.
1811 3257 1878 3309 2?
1904 3263 1983 3322 (v.
2009 3276 2050 3308 s.
2073 3261 2142 3322 c.)

322 3360 406 3406 52.
433 3352 494 3402 E.
520 3359 790 3400 micans
806 3346 947 3409 (Lag.
968 3351 1019 3393 et
1034 3342 1187 3392 Rodr.
1208 3343 1341 3391 anal.
1368 3358 1437 3391 sc.
1459 3349 1563 3391 nat.
1588 3345 1718 3393 1802
1734 3357 1797 3391 ex
1814 3343 1995 3393 Boiam!
2016 3340 2202 3392 elench.
2229 3357 2283 3390 n.
2311 3341 2428 3399 146,
2450 3355 2554 3390 non

390 3420 562 3471 Schott
578 3417 615 3476 ),
641 3414 780 3463 caule
799 3411 1038 3460 herbaceo
1060 3408 1165 3456 basi
1188 3407 1419 3458 indurato
1441 3416 1598 3458 erecto
1621 3409 1754 3458 foliis
1774 3409 2069 3474 floribusque
2087 3409 2186 3458 sere
2206 3407 2409 3457 omnino
2427 3414 2555 3455 tecto

389 3502 504 3537 cum
546 3482 679 3532 soliis
712 3477 995 3528 brevissime
1019 3475 1449 3525 cinereo-velutino
1473 3484 1522 3525 et
1550 3478 1663 3525 setis
1686 3476 1812 3525 raris
1835 3476 2011 3540 rigidis
2034 3474 2230 3540 hispido
2248 3510 2261 3534 ,
2287 3473 2422 3523 foliis
2445 3474 2553 3522 lan-

390 3552 591 3603 ceolatis
611 3564 695 3597 seu
716 3542 1197 3595 lineari-lanceolatis
1213 3577 1225 3599 ,
1258 3544 1458 3606 spiculis
1483 3543 1602 3592 folio
1625 3541 1786 3591 florali
1809 3544 1894 3594 vix
1919 3543 2226 3606 longioribus
2248 3542 2302 3591 in
2328 3541 2554 3604 thyrsum

391 3620 595 3670 densum
617 3616 902 3678 elongatum
929 3610 1130 3675 digestis
1143 3645 1156 3669 ,
1178 3611 1388 3659 bracteis
1410 3610 1687 3674 oalycisque
1705 3610 1832 3660 lobis
1849 3610 2121 3660 linearibus
2143 3609 2291 3658 dense
2311 3608 2555 3656 albo-bar-

403 3773 441 3828 ι)
460 3770 607 3816 caulis
622 3765 757 3813 veris.
778 3764 1071 3809 exsiccatione
1089 3764 1234 3807 solum
1262 3764 1500 3820 angulatas
1518 3763 1632 3806 utin
1649 3765 1696 3807 Ε.
1717 3764 1961 3819 glomerato
1980 3763 2130 3806 evenit
2145 3774 2202 3806 ex
2219 3763 2315 3806 obs.
2338 3763 2393 3806 cl.
2413 3763 2558 3805 Boiss.

322 3822 661 3935 (Αᾶῗὶεὲἒὶιὲο
699 3876 746 3918 in
784 3870 1115 3929 ingenuum
1150 3878 1230 3917 που
1264 3871 1352 3915 nde
1386 3868 1598 3924 sone),
1624 3870 1679 3914 ad
1717 3871 2096 3927 ‘range-(saian.
2131 3870 2217 3913 nde
2249 3869 2391 3913 sosas.
2448 3868 2555 3931 qun

330 3932 539 3989 Hispania
556 3929 712 3974 mei-id.
734 3931 781 3973 Ε.
804 3931 1007 3982 Lagascoe
1024 3926 1377 3988 &ised-elench..
1394 3935 1439 3966 u.
1464 3925 1539 3985 1⁴3⁵
1560 3934 1647 3966 non
1666 3926 1804 3968 Roem.
1827 3931 1874 3968 et
1888 3925 1988 3968 sch.
2013 3927 2061 3968 Β.
2084 3924 2376 3987 glomeratum
2457 3926 2552 3965 uss.!

329 3999 430 4046 '⁰³‘
450 3988 539 4030 ¹³⁰²·
562 3987 665 4038 ΒΨ·
688 3995 732 4038 ¹²·
757 3985 832 4025 ⁴⁹⁴
850 3987 900 4045 ‘³‘
922 3983 969 4023 Ε·
988 3976 1494 4076 ἕὲιῗὸῖῗῖὲοῗζῗέῗὶΐὲῬ
1515 3982 1624 4073 3‘32‘.
1651 3978 1761 4072 '3212‘
1780 3978 1853 4073 '1¹3³‘
1873 3978 2554 4074 &⁸⁸2⁰P·2'2{;¹.¹32.2⁰3.¹1:.¹3.⁸.0m.

327 4036 1073 4142 ῗοῐῖξοῗωβῗιιΐξὲίιῆἷέἒέἱῗῗιωτ,
1105 4095 1162 4126 ex
1194 4084 1319 4127 caule
1496 4093 1575 4125 oso
1590 4113 1604 4134 ‚
1632 4060 1716 4124 'sed
1752 4041 1980 4125 cbz‘iacoer
2013 4082 2311 4125 exsiccatione
2336 4080 2553 4137 provenit.

326 4147 473 4192 caulis
492 4146 541 4190 in
554 4143 738 4199 specim.
760 4141 947 4195 syn-isd-
961 4142 1081 4183 inter
1096 4137 1212 4192 pilos
1229 4147 1349 4180 nnnc
1531 4144 1652 4181 nunc
1663 4134 1925 4189 pubescens.
1942 4135 1961 4188 (
1977 4134 2106 4189 Alph.
2125 4136 2207 4180 Dc.
2227 4134 2247 4186 )
