2808 4538
462 428 1000 512 ADDENDA
1057 431 1197 510 ET
1256 429 2006 516 coneleENnA
2066 420 2206 529 (1).

1114 823 1576 877 BORRAGINEAE.

220 1004 278 1052 P.
313 1003 339 1052 1
369 1010 411 1051 σε
437 1017 527 1063 seq.
553 1000 711 1052 Series
730 1013 991 1051 numerum
1024 998 1287 1066 generibus
1312 999 1647 1064 appositorum
1672 1001 1735 1050 ab
1754 999 1900 1051 initio
1933 1002 2092 1052 tribus
2108 1001 2462 1067 Boi-regentum

290 1070 377 1119 hic
398 1068 596 1134 incepta
615 1070 843 1134 quamvis
863 1068 919 1118 in
940 1068 1150 1134 proeoed.
1177 1067 1279 1117 vol.
1315 1081 1497 1143 genera
1525 1068 1671 1119 XVII
1711 1069 1931 1118 tribuum
1960 1070 1984 1119 1
1999 1106 2013 1131 ,
2035 1070 2084 1120 11
2106 1075 2156 1119 et
2191 1070 2263 1120 111
2287 1071 2461 1120 Borra-

291 1137 557 1201 ginearum
596 1136 705 1201 jam
751 1136 917 1185 adsint
960 1155 974 1194 ς
1024 1151 1159 1185 error
1201 1149 1344 1198 pauci
1392 1134 1627 1184 momenti
1661 1150 1688 1184 e
1717 1132 1997 1185 diversitate
2039 1134 2399 1202 Borregearum
2432 1153 2462 1187 a

294 1203 517 1253 Coi-dieis
540 1239 553 1263 ,
579 1202 819 1252 Ehretieis
836 1211 885 1253 et
918 1202 1287 1266 Heliou-opicis,
1314 1214 1404 1250 nec
1428 1215 1527 1250 non
1547 1216 1611 1251 ex
1654 1201 1970 1270 impressione
1998 1203 2270 1271 interrupta
2305 1211 2461 1255 ortus.

292 1270 354 1321 In
378 1276 482 1319 toto
507 1269 678 1319 ordine
697 1285 877 1334 genere
897 1268 1033 1319 Lxx
1057 1280 1175 1332 ergo
1199 1267 1393 1317 adsunt.

228 1356 285 1402 P.
312 1355 348 1400 2
367 1389 379 1413 ,
412 1358 498 1400 lin.
524 1354 607 1401 11.
640 1352 901 1401 Subtribus
927 1353 1408 1417 Lithospermeerum
1437 1365 1551 1402 cum
1575 1367 1751 1417 genere
1769 1366 1886 1403 xxx
1911 1352 2029 1419 (nec
2049 1355 2221 1420 xxx1)
2246 1354 2461 1405 absolvi-

292 1426 379 1469 tur
401 1439 416 1479 3
441 1420 787 1485 Cynogloeseae
815 1435 929 1469 oum
950 1434 1064 1485 gen.
1089 1430 1229 1468 xxm
1256 1416 1519 1480 incipiunt.

226 1500 283 1550 Ρ.
320 1502 408 1549 22.
448 1500 669 1550 Εοπιυιι
691 1512 1019 1551 vxomcnuu
1056 1507 1105 1551 et
1135 1500 1195 1551 E.
1222 1508 1678 1552 PLANTAGmnrn.
1728 1502 1894 1554 Unam
1927 1508 1975 1553 et
2002 1502 2205 1553 eandem
2254 1500 2461 1568 speciem

292 1582 401 1617 esse
423 1568 717 1619 confirment
738 1569 1005 1634 specimina
1027 1568 1333 1617 canariensia
1375 1581 1443 1615 nu
1505 1586 1531 1619 r
1557 1570 1610 1619 in
1639 1570 1778 1620 herb.
1816 1576 1988 1619 nostro
2032 1570 2275 1621 collocata
2318 1576 2464 1634 utque

297 1635 538 1700 optimam
585 1636 973 1686 dissertationem
1015 1636 1079 1685 cl.
1128 1636 1263 1699 Aug.
1296 1584 1567 1686 St—Hiiifire
1591 1636 1643 1686 in
1667 1637 1738 1702 pl.
1778 1652 1857 1687 us.
1895 1636 2077 1686 Brasil.
2113 1636 2228 1687 livr.
2253 1639 2312 1697 5,
2339 1642 2377 1687 t.
2399 1642 2465 1686 25

289 1716 443 1766 quam
467 1718 582 1752 casu
604 1702 817 1766 quodam
847 1704 1172 1769 negleximus.
1205 1703 1322 1752 Icou
1352 1701 1534 1764 plantes
1559 1704 1610 1753 in
1626 1702 1837 1753 Brasilia
1858 1705 2060 1752 australi
2084 1702 2316 1769 indigena
2334 1703 2464 1754 sacta

296 1785 415 1819 cum
433 1769 613 1819 nostris
630 1770 978 1834 speciminibus
1002 1770 1319 1829 amerieanis,
1348 1770 1719 1820 maderensibus
1739 1777 1789 1820 et
1811 1770 2175 1819 canariensibus
2195 1770 2462 1821 admodum

294 1836 546 1902 congruit.
574 1836 811 1887 Scrutatis
833 1843 996 1887 autem
1022 1836 1263 1887 herbariis
1299 1846 1352 1887 et
1390 1836 1532 1887 libris
1564 1837 1694 1887 hanc
1738 1838 1990 1902 plantam,
2039 1852 2188 1901 quam
2238 1842 2375 1902 pater
2400 1838 2463 1887 ad

296 1905 357 1955 E.
390 1904 660 1954 violaceum
687 1904 744 1955 L.
772 1904 971 1965 retulit,
1003 1904 1070 1954 cl.
1093 1904 1361 1956 St-Ililaire
1400 1904 1461 1954 Ε.
1487 1904 1858 1969 plantagineum
1878 1904 1935 1955 L.
1964 1910 2131 1965 vocat,
2154 1909 2202 1953 et
2234 1905 2464 1969 pleraque

296 1970 453 2020 Echia
476 1972 694 2021 violacea
717 1978 973 2021 auctorum
995 2008 1007 2031 ,
1038 1987 1126 2021 nec
1149 1988 1250 2021 non
1276 1973 1335 2023 Ε.
1361 1972 1636 2023 violaceum
1679 1971 1783 2022 DC.
1830 1970 1882 2021 in
1926 1971 2067 2020 herb.
2094 1970 2226 2020 Mus.
2253 1986 2360 2036 per.
2401 1972 2463 2021 ad

298 2038 508 2089 Euhium
538 2038 907 2104 plantagineum
935 2039 1102 2089 refert.

231 2123 287 2172 Ρ.
324 2123 410 2171 34.
432 2122 729 2184 Boanum,
761 2124 913 2174 sectio
934 2136 975 2173 1.
1003 2122 1147 2174 Hanc
1187 2126 1453 2175 sectionem
1501 2140 1529 2175 e
1568 2122 1840 2188 Borregine
1874 2120 2103 2171 laxiflorft
2147 2123 2462 2173 constitutam

296 2190 577 2253 nuperrime
599 2198 831 2254 tanquam
854 2206 1011 2256 genus
1037 2190 1341 2256 Buglossites
1364 2192 1552 2242 dictum
1577 2190 1830 2256 proposuit
1869 2188 1932 2238 cl.
1961 2188 2114 2239 Moris
2138 2202 2216 2238 en.
2249 2204 2371 2239 sem.
2405 2190 2458 2239 h.

298 2263 434 2307 taur.
463 2259 593 2306 1845
611 2294 624 2316 ‚
647 2275 698 2321 p.
723 2261 788 2308 32
803 2295 815 2319 ,
847 2259 1213 2309 characteribus
1238 2262 1377 2310 novis
1400 2276 1501 2309 non
1542 2259 1744 2308 detectis
1774 2262 1822 2307 et
1853 2256 2045 2307 omissis
2066 2256 2207 2307 callis
2233 2256 2460 2308 fauciali-

298 2324 415 2373 bus.
442 2323 600 2374 Sectio
622 2331 751 2375 certe
763 2323 1135 2376 distinctissime
1152 2362 1165 2387 ,
1192 2327 1276 2377 vix
1299 2335 1465 2378 tamen
1489 2339 1644 2392 genus
1671 2324 1796 2374 mihi
1818 2323 2031 2374 videtur.

230 2407 285 2456 Ρ.
313 2408 413 2467 40,
445 2407 497 2458 in
522 2408 810 2474 Symphytie
832 2424 933 2458 non
958 2410 1077 2458 satis
1094 2409 1225 2460 notis
1242 2414 1356 2459 adde
1382 2427 1395 2457 .·

228 2489 584 2539 Snrrnnum
625 2487 1115 2542 Mnm‘rnmtnoeuu
1146 2491 1329 2556 (Koch
1356 2507 1467 2556 syn.
1496 2489 1548 2539 fl.
1576 2501 1732 2555 germ.
1763 2488 1842 2539 ed.
1877 2491 1928 2538 2.
1954 2505 2003 2570 p.
2033 2490 2159 2554 575)
2185 2526 2197 2550 ,
2223 2487 2363 2540 ceule
2391 2490 2464 2541 fo-

297 2555 425 2607 lioso
449 2555 586 2621 apice
601 2555 751 2605 bifido
768 2593 781 2618 ‚
807 2557 942 2608 soliis
970 2560 1129 2609 ovatis
1146 2595 1158 2618 ,
1190 2559 1508 2609 inferioribus
1542 2558 1594 2606 in
1615 2557 1851 2620 petiolum
1874 2555 1979 2606 basi
2005 2556 2210 2607 dilatata
2228 2557 2468 2623 amplexi-

298 2622 496 2674 cnulem
541 2624 806 2672 contractis
823 2660 836 2684 ,
893 2626 1134 2689 supremis
1173 2623 1708 2689 elliptico-lanceolatis
1747 2621 2211 2674 subdecurrentlbus
2233 2659 2247 2683 ,
2281 2626 2469 2674 corollfi

297 2687 1143 2757 subinfundibuliformi-cylindrica
1176 2692 1332 2742 limbo
1374 2692 1664 2751 5-denteto‚
1697 2689 1925 2740 dentibus
1965 2691 2136 2741 erectis
2160 2689 2316 2739 limbo
2342 2703 2464 2755 qua-

298 2757 396 2806 dru
432 2757 481 2806 lo
497 2755 807 2806 brevioribus
831 2792 843 2816 ,
866 2757 1084 2807 anthetis
1124 2758 1377 2809 filamento
1397 2759 1548 2824 duplo
1569 2757 1906 2822 longioribus,
1931 2757 2204 2806 fornicibus
2243 2757 2462 2806 inclusis.

298 2852 366 2861 —
390 2772 533 2874 giren
554 2823 788 2874 Telonem
811 2824 830 2886 (
851 2824 992 2874 Koch
1014 2825 1054 2874 1.
1081 2841 1125 2875 c.
1154 2826 1174 2890 )
1194 2833 1242 2876 et
1270 2827 1322 2876 in
1348 2826 1518 2876 Sicilie
1541 2827 1559 2889 (
1581 2825 1729 2876 Guss.
1758 2840 1868 2890 syn.
1889 2825 1939 2873 2.
1961 2837 2011 2889 p.
2040 2825 2139 2872 792
2160 2823 2200 2888 ).
2224 2822 2465 2874 Anthem-

297 2906 413 2941 rum
430 2889 668 2941 euriculae
687 2892 1061 2942 mucronulatae.

232 2977 288 3024 P.
316 2977 402 3024 68.
428 2974 807 3026 mesonma
827 2987 1094 3026 uxama.
1123 2975 1220 3027 Hie
1240 2977 1384 3027 refer.
1411 2991 1551 3027 num.
1577 2977 1677 3025 210
1719 2967 1974 3025 Andrieux
2014 2975 2083 3040 pl.
2122 2985 2254 3026 mex.
2302 2989 2406 3025 exs.
2441 2989 2469 3025 e

297 3049 467 3094 monte
491 3044 589 3094 San
611 3044 797 3108 Felipo.

231 3130 288 3177 Ρ.
313 3130 379 3177 83
399 3163 412 3188 ,
438 3137 539 3189 pou
560 3127 955 3193 Lithospermum
978 3128 1184 3179 Gustoni
1210 3131 1357 3178 udde.-

230 3211 293 3259 1..
332 3211 676 3260 Zormnwxm
722 3210 905 3276 (Alph.
952 3209 1054 3261 Dc.
1081 3209 1128 3275 )‚
1156 3213 1381 3262 caulibus
1433 3209 1840 3261 adscendentibus
1887 3209 2298 3260 sericeo-hirsutis
2335 3209 2471 3261 foliis

299 3278 679 3342 omli-oblongis
704 3280 881 3341 saepius
901 3279 1204 3328 mucronatis
1246 3280 1354 3328 basi
1379 3279 1644 3329 attenuatis
1673 3293 1823 3342 supra
1856 3278 2262 3357 strigoso-pilosis
2295 3279 2469 3327 subtus

300 3345 679 3409 pubescentibus
697 3345 927 3409 utrinque
947 3344 1063 3409 pilis
1084 3343 1327 3409 adpreseie
1341 3379 1354 3404 ‚
1371 3345 1578 3396 floribus
1600 3345 1771 3409 paucis
1793 3344 1928 3394 soliis
1951 3344 2282 3409 superioribus
2297 3345 2468 3410 juxta·

304 3412 474 3475 positis
496 3412 629 3461 hisce
653 3412 958 3462 brevioribus
976 3412 1347 3471 subsessilibus‚
1373 3413 1556 3476 calycis
1589 3411 1811 3476 5-partiti
1841 3412 2036 3460 laciniis
2055 3410 2328 3462 linearibus
2346 3412 2468 3476 pilo-

305 3479 401 3539 sis,
434 3478 633 3528 corollae
669 3480 788 3528 tubo
828 3478 1612 3544 cylindraceo-infundibuliformi
1656 3478 1883 3542 adpresse
1919 3478 2078 3541 piloso
2112 3479 2280 3543 calyce
2317 3479 2468 3545 duplo

308 3544 532 3611 longiore
554 3547 689 3595 intus
713 3547 821 3596 basi
845 3545 1152 3595 staminifero
1173 3560 1378 3611 superne
1402 3547 1493 3595 sub
1523 3545 1651 3594 lobis
1674 3559 1813 3594 secus
1847 3551 2006 3593 costae
2041 3545 2259 3610 quinque
2297 3545 2469 3610 subpe-
2519 3585 2528 3600 .

304 3611 503 3676 pilloso.
525 3610 595 3679 26
616 3609 820 3674 injus
841 3611 1115 3679 (Zolling.!
1144 3628 1196 3663 n.
1229 3615 1376 3677 352).
1406 3613 1581 3662 caules
1595 3612 1647 3660 in
1668 3612 1932 3675 specimine
1950 3611 2285 3675 4-pollicares‚
2312 3627 2339 3662 e
2359 3614 2468 3664 basi
2527 3625 2622 3650 *w*

305 3679 620 3745 sublignosfi‚
654 3679 771 3744 pilis
809 3680 995 3730 crebris
1031 3695 1133 3729 non
1170 3679 1346 3745 rigidis
1376 3677 1748 3743 subpatentibue
1767 3714 1780 3737 ‚
1820 3693 2026 3742 superne
2071 3677 2470 3729 sulveecentibus.

306 3747 445 3797 Folia
488 3747 773 3810 pomoeria,
801 3751 833 3795 5
856 3748 946 3796 liu.
971 3747 1103 3805 leta,
1134 3747 1298 3797 nervis
1334 3747 1621 3796 lateralibus
1664 3761 1765 3795 non
1805 3745 2081 3804 distinctis,
2129 3761 2335 3811 superne
2361 3746 2466 3794 basi

306 3814 520 3879 pilorum
542 3814 925 3879 albo-punctatu-
950 3814 1149 3865 Corolla
1178 3818 1209 3861 5
1231 3815 1323 3863 lin.
1350 3815 1530 3880 longa,
1559 3827 1913 3879 purpurascens
1929 3811 1954 3860 ⁴?
1977 3813 2103 3862 lobis
2133 3813 2320 3862 obtusis
2348 3813 2470 3862 tubo

302 3879 461 3930 multo
507 3879 833 3930 brevioribus.
881 3881 1115 3931 Antheroe
1156 3881 1366 3930 lineares
1384 3916 1397 3940 ,
1452 3887 1782 3941 mucronata,
1829 3878 2090 3929 filamentis
2141 3876 2444 3928 brevissimis

304 3947 537 3998 Ovarium
560 3947 871 4012 4·partitum.
898 3945 1069 4011 stylus
1108 3948 1295 3997 corolla
1316 3946 1520 3997 dimidio
1566 3947 1777 4006 brevior,
1805 3945 1997 4011 glaber.
2036 3945 2230 4012 Stigma
2272 3939 2468 4007 puncti-

304 4014 477 4065 forme.
496 4013 659 4064 Nuces
682 4015 865 4080 ignotae
881 4011 941 4062 L.
972 4013 1177 4064 Gastoni
1195 4051 1208 4076 ,
1238 4029 1331 4065 nec
1353 4030 1455 4064 non
1477 4014 1537 4064 L.
1558 4013 1797 4063 oleaesolio
1823 4013 1968 4061 affine
1987 4012 2201 4062 videtur.
2228 4009 2317 4075 (v.
2343 4023 2384 4057 s.
2405 4011 2426 4075 )

235 4095 287 4145 Ρ.
305 4098 370 4144 85
384 4131 397 4158 ‚
419 4099 531 4146 adde
553 4115 565 4145 :
590 4095 1035 4148 Lirnosrnmnnr
1051 4096 1315 4148 Lunum
1337 4097 1494 4148 Tineo
1513 4115 1578 4143 =
1597 4093 1834 4146 Alkanna
1849 4093 2110 4145 Lehmani.

284 4237 353 4295 (ι)
379 4240 565 4284 Auctore
586 4238 717 4295 Alph.
736 4240 797 4282 De
815 4237 1039 4283 cendone.

2477 3701 2516 3750 ,ἶ
2577 3687 2756 3758 3’31Ἰἶ
