2808 4538
296 273 608 321 aarum.
735 207 1626 321 soRoPHULaRIAcEAE
1674 244 1933 333 (moron
1951 247 2254 337 ΒΕΝΤΗ.).
2402 249 2538 319 543

296 369 350 417 2.
387 366 449 419 Ε.
481 376 730 425 vlscou,
766 362 900 415 soliis
924 363 1150 428 oblongis
1176 363 1253 412 vel
1275 360 1726 423 ovato-lanceolatis
1751 367 2187 425 serrato-ereneus,
2213 364 2358 428 spicis
2390 364 2540 414 inter-

293 472 303 501 ,
365 432 546 496 ruptis,
586 431 770 497 calyois
806 432 934 483 lobis
969 431 1088 481 tubo
1116 445 1205 479 suo
1230 430 1377 494 paulo
1414 427 1747 490 brevioribus,
1779 431 1978 481 corollas
1997 432 2130 482 labio
2151 431 2296 496 galea
2330 430 2535 483 dimidio

368 499 618 564 longiore,
646 498 865 548 antheris
888 498 1076 562 pilosis.
1105 492 1177 589 ᾧ
1194 497 1247 546 in
1268 497 1464 558 Europa
1481 493 1771 545 occidentali
1803 504 1852 546 et
1873 498 2097 558 australi,
2135 498 2307 549 Africa
2340 504 2532 562 septen·

368 565 569 615 trionali
598 584 609 623 ς
625 580 686 614 ex
710 564 931 631 AEgypto
958 565 1113 615 Wiest
1140 600 1151 612 .
1181 566 1278 615 525
1296 596 1310 621 ‚
1340 562 1574 612 eTuneto
1602 561 1737 611 Vahl
1759 562 1773 610 l
1801 564 1854 613 in
1878 564 1934 615 h.
1968 565 2073 615 Dc.
2101 566 2149 627 ),
2175 565 2294 617 Asia
2312 565 2537 615 occiden-

366 633 457 681 tali
479 630 695 696 (Danai
721 633 842 691 112,
872 631 1070 681 Aucher
1092 630 1104 678 l
1129 647 1181 680 u.
1211 631 1340 679 1232
1359 636 1411 677 et
1435 630 1583 686 1680,
1611 628 1856 695 Kotscbyl
1885 631 1954 695 pl.
1990 633 2144 681 Tauri
2163 647 2215 681 n.
2235 634 2338 681 379
2365 633 2384 695 )
2406 647 2532 696 Ρω-

368 699 537 748 sertim
564 698 617 747 in
636 698 898 747 maritimis
919 739 929 757 ‚
956 698 1104 746 etiam
1129 697 1181 745 in
1209 696 1436 746 Brasiliae
1456 695 1686 744 australis
1707 697 1969 747 maritimis
1982 697 2209 762 (Isabelle
2237 699 2292 749 in
2313 697 2534 760 h.DC.!)

369 781 432 813 ex
456 766 651 828 Europa
674 765 842 813 allata.
866 792 933 800 —
960 764 1155 812 Battsia
1193 764 1387 811 viscosa
1425 761 1571 811 Linn.
1608 777 1734 825 spec.
1772 779 1822 827 p.
1858 767 1973 813 839.
2019 765 2168 830 Engl.
2200 766 2302 814 bot.
2333 772 2370 814 t.
2402 767 2533 815 1045

370 833 595 895 (specim.
630 831 748 880 flore
773 830 916 880 solito
939 830 1186 894 minore).
1213 827 1530 878 Rhinanthus
1556 827 1773 878 viscosus
1799 830 1940 881 Lam.
1964 830 2019 880 ss.
2044 831 2107 881 fr.
2142 835 2192 880 2.
2220 848 2270 896 Ρ.
2293 832 2409 881 354.
2440 832 2536 881 La-

371 900 560 962 siopera
577 897 763 947 viscosa
784 898 914 947 Link
931 904 981 946 et
1003 896 1187 946 Hoffm.
1209 895 1260 943 fl.
1283 900 1411 959 port.
1437 901 1477 942 t..
1506 895 1590 973 61.
1617 894 1836 961 Trixago
1858 899 2049 948 viscosa
2069 898 2272 948 Reichb.
2300 898 2353 947 fl.
2378 914 2535 962 germ,

371 964 843 1094 {3⁰:2¹Yp‘33'4ffi4‘2‘313
862 962 1399 1079 l3fi5.·012¹.3¹122¹².3¹¹.22
1417 962 2151 1096 ‘tzffiifflzsszsszpfist
2177 965 2535 1098 ..ῗὲοῗῗέὲέἱ

371 1100 462 1146 tim
483 1099 532 1145 in
554 1098 748 1161 specim.
780 1097 1153 1146 australioribus
1176 1094 1532 1159 sesquipedales
1553 1096 1753 1144 ramosi.
1779 1096 1920 1149 Folia
1938 1113 2051 1148 raro
2074 1099 2344 1164 pollicaria.
2380 1099 2539 1165 Calyx

373 1165 460 1212 4-6
497 1165 585 1212 lin.
613 1165 810 1227 longus,
841 1163 970 1212 lobis
989 1163 1323 1212 acutiusculis.
1354 1161 1553 1210 Corolla
1568 1163 1684 1211 8·10
1706 1162 1796 1210 lin.
1821 1164 1992 1229 longa,
2017 1163 2161 1227 flava,
2184 1167 2374 1215 minute
2386 1168 2537 1230 pube-

374 1231 502 1290 rnla‚
527 1231 644 1278 labii
666 1231 792 1279 lobis
810 1229 1280 1293 obovato-oblongis.
1317 1228 1530 1291 Cap-ula
1561 1230 1793 1293 oblonga,
1815 1232 1988 1294 pilosa.
2034 1232 2233 1282 Semina
2255 1234 2457 1282 omnino
2473 1233 2536 1283 E.

373 1296 616 1347 latifoliae.
630 1296 688 1346 In
704 1297 1052 1361 speciminibus
1063 1296 1392 1359 vegetioribus
1407 1295 1556 1359 calyx
1570 1295 1815 1344 interdum
1829 1298 2064 1349 corollam
2079 1299 2179 1349 sere
2191 1307 2369 1363 aequat.
2394 1299 2461 1365 (v.
2473 1302 2541 1365 s.)

302 1395 500 1451 CLVII.
538 1395 833 1447 TRIXAGO
858 1398 979 1444 Suu.
1004 1410 1138 1443 mem.
1176 1409 1321 1455 οπως.
1349 1411 1394 1442 e.
1421 1396 1469 1442 6.
1501 1410 1553 1454 p.
1587 1395 1636 1450 4.
1666 1396 1839 1443 Griseb.
1861 1400 2011 1456 spicil.
2042 1399 2093 1458 [1.
2127 1403 2293 1447 rumol-
2317 1400 2374 1476 ²:
2394 1413 2444 1458 p.
2474 1400 2533 1447 11

378 1469 499 1512 εει-ι.
532 1480 602 1523 sp.
650 1489 711 1499 -
754 1461 1002 1512 Bellardia
1043 1463 1134 1509 Au.
1175 1463 1224 1524 {l-
1265 1463 1438 1520 pedem.
1470 1476 1522 1520 p.
1563 1462 1645 1508 61.
1687 1486 1756 1498 -
1796 1460 2068 1511 Rhinanthi
2109 1464 2184 1513 vel
2214 1465 2422 1515 Bartnae
2461 1480 2536 1529 sp.

376 1533 518 1577 Lina.
542 1539 581 1578 ct
604 1539 731 1577 auce.
753 1558 820 1571 -—
841 1529 1116 1592 Lasioperae
1138 1542 1215 1590 sp.
1241 1530 1409 1588 Hoffm.
1439 1536 1481 1575 et
1504 1530 1625 1575 Lente
1643 1531 1692 1591 fl.
1715 1536 1837 1588 pore.

381 1627 548 1700 Calyx
592 1623 1247 1707 innato-campanulatus2
1287 1624 1426 1680 lobis
1454 1627 1483 1680 4
1510 1624 1789 1683 brevibus·
1816 1625 2040 1685 Corollae
2076 1628 2231 1701 galea
2260 1645 2499 1689 concava
2519 1674 2533 1701 ,

305 1714 395 1754 ma
466 1698 644 1753 inibus
670 1712 775 1753 non
804 1697 1107 1770 replicatis,
1141 1694 1285 1752 labio
1324 1695 1812 1769 inferiore‚²galeam
1839 1706 2092 1771 aequante
2122 1701 2206 1757 vel
2226 1717 2285 1758 su
2328 1708 2539 1771 erante,

309 1715 532 1838 triltrffw,
565 1768 702 1825 iobis
726 1768 1034 1841 patentibus
1051 1810 1065 1837 ,
1093 1765 1274 1840 palato
1301 1766 1599 1849 bigibboso.
1643 1767 1890 1827 Stamina
1912 1769 2016 1827 sub
2044 1770 2200 1843 galea
2223 1772 2278 1828 di
2360 1787 2539 1833 namn.

309 1840 674 1897 Antherarum
702 1840 858 1894 loculi
885 1838 1203 1895 mucronati.
1223 1837 1406 1913 Stylus
1424 1852 1579 1910 apice
1605 1837 2282 1914 incrassato-stigmatosus
2297 1859 2330 1900 o
2368 1850 2537 1903 tusus.

307 1912 541 1985 Capsula
570 1910 966 1983 ovato-globosa
988 1952 1002 1981 ‚
1031 1917 1119 1965 tur
1156 1909 1245 1965 ida
1265 1953 1278 1980 ‚
1312 1910 1575 1983 placentis
1599 1911 1792 1968 crassis
1816 1912 2015 1969 bifidis.
2041 1914 2259 1973 Semina
2297 1931 2543 1977 numero·

307 1983 554 2051 sissima,
608 1983 848 2051 minuta,
898 1981 1100 2054 longitu
1143 1979 1352 2036 inaliter
1406 1982 1638 2038 tenuiter
1677 1988 1903 2039 costata.
1931 2013 2003 2025 -
2027 1984 2214 2043 Genus
2246 1988 2428 2058 quoad
2457 2002 2542 2047 se-

310 2054 459 2111 mina
486 2055 624 2110 inter
646 2052 956 2125 Eun-agiam
1002 2058 1058 2109 et
1094 2052 1361 2109 Bartsiam
1417 2053 1682 2124 medium,
1731 2054 1956 2128 capsula
1990 2057 2178 2117 crassa
2202 2063 2257 2115 et
2283 2057 2545 2132 placentis

310 2126 524 2198 magnis
542 2125 614 2181 ab
642 2125 887 2180 omnibus
914 2123 1243 2180 distinctum.

248 2232 263 2240 ‘
314 2215 360 2264 1.
389 2213 450 2264 T.
478 2213 675 2264 APELA
700 2212 855 2277 (SteV.
882 2212 917 2261 l.
946 2228 990 2261 c.
1014 2228 1066 2277 p.
1088 2212 1169 2275 4),
1194 2210 1390 2261 corollae
1421 2211 1554 2262 labio
1579 2213 1812 2265 inferiore
1827 2217 1969 2281 galea
1999 2216 2241 2282 longiore.
2264 2214 2339 2287 ᾧ
2359 2220 2412 2269 in
2436 2236 2546 2286 pra-

378 2284 462 2342 tis,
495 2279 736 2330 fruticetis
754 2317 766 2340 ,
796 2281 919 2330 locis
949 2280 1184 2338 arenosis,
1209 2279 1568 2342 maritimisque
1593 2281 1800 2348 Europae
1836 2285 2142 2334 australioris
2162 2319 2175 2344 ‚
2219 2287 2404 2337 At'ricae
2435 2303 2544 2354 sop-

379 2348 689 2398 tentrionalis
714 2351 730 2411 (
752 2346 906 2397 Bove!
934 2348 981 2410 ),
1013 2346 1148 2396 Asiae
1167 2344 1483 2396 occidentalis
1504 2347 1752 2408 (Aucherl
1775 2367 1827 2399 n.
1862 2352 2011 2410 1679,
2031 2352 2251 2420 Kotsohy
2272 2355 2283 2403 Ξ
2301 2355 2372 2418 pl.
2394 2355 2546 2410 Tauri

380 2431 432 2464 n.
461 2418 559 2463 380
584 2414 717 2478 etpl.
742 2414 979 2477 Mesopot.
1007 2429 1059 2461 n.
1089 2413 1225 2476 410),
1255 2413 1306 2460 in
1330 2412 1599 2476 Abyssinia
1633 2414 1936 2482 (Schimperl
1963 2434 2016 2466 n.
2057 2422 2154 2469 839
2173 2428 2222 2469 et
2250 2422 2417 2487 1346),
2443 2424 2540 2488 inq.

378 2482 784 2541 Canariensibus‚
817 2481 984 2529 Africa
1001 2480 1205 2529 australi
1229 2478 1444 2543 (Da-ege!
1472 2480 1491 2543 )
1517 2516 1530 2538 ‚
1555 2482 1765 2531 Brasilia
1798 2484 2004 2533 australi
2030 2485 2049 2548 (
2071 2485 2309 2536 Isabelle!
2335 2489 2370 2551 ).
2397 2489 2542 2539 Bart-

379 2550 455 2597 sia
474 2549 695 2614 Trixago
722 2548 867 2598 Linn.
894 2563 1024 2611 spec.
1058 2545 1135 2595 ed.
1176 2548 1222 2593 1.
1249 2561 1299 2609 Ρ.
1325 2549 1442 2594 602.
1467 2546 1626 2597 Sibth.
1655 2556 1704 2598 et
1726 2550 1830 2600 Sm.
1850 2550 1904 2600 fl.
1930 2566 2009 2616 gr.
2037 2555 2085 2600 6.
2111 2559 2150 2600 t.
2176 2556 2295 2602 585.
2322 2555 2545 2607 Rhinan-

381 2616 499 2663 thus
522 2613 740 2678 Trixago
764 2615 907 2663 Linn.
937 2616 1040 2676 (l)s
1103 2628 1145 2659 c.
1168 2612 1244 2660 ed.
1289 2612 1334 2659 1.
1356 2628 1404 2676 p.
1430 2613 1545 2660 840.
1563 2614 1808 2664 Bellardia
1825 2617 2045 2683 Trixago
2060 2620 2161 2668 All.
2189 2620 2328 2685 stirp.
2355 2623 2541 2686 pedem.

380 2698 435 2730 n.
460 2685 578 2729 220.
606 2680 1014 2744 Alectorolophus
1038 2628 1258 2743 'pe-ingo
1277 2678 1414 2727 Bieb.
1442 2679 1494 2727 fi.
1527 2689 1656 2729 taur.
1679 2697 1815 2732 cauo.
1844 2687 1893 2731 2.
1919 2697 1968 2748 p.
1999 2687 2081 2733 69.
2107 2686 2326 2751 Trixago
2344 2689 2547 2739 rhinan-

378 2748 523 2797 thina
545 2747 741 2798 Griseb.
760 2747 919 2812 spicil.
948 2746 999 2795 fl.
1040 2762 1165 2794 rum.
1200 2748 1250 2792 2.
1276 2761 1325 2808 Ρ.
1361 2745 1446 2794 11.
1485 2746 1748 2813 Lasiopera
1787 2749 2110 2800 rhinanthina
2140 2753 2270 2801 Link
2291 2762 2341 2802 et
2359 2756 2543 2806 Hoffm.

380 2816 450 2872 pl.
476 2822 606 2878 port.
631 2816 677 2862 1.
704 2823 741 2863 t.
767 2818 848 2861 58.
864 2813 1180 2864 Rhinanthus
1198 2815 1447 2862 maximus
1465 2813 1634 2862 wind.
1658 2831 1787 2880 spec.
1814 2821 1862 2865 3.
1881 2832 1931 2880 p.
1953 2818 2045 2865 189
2071 2834 2169 2866 non
2190 2819 2332 2868 Lam.
2351 2821 2548 2872 Bartsia

382 2883 602 2931 maxima
626 2880 760 2930 Pers.
781 2896 890 2944 syn.
916 2884 965 2928 2.
991 2896 1041 2944 p.
1087 2880 1177 2927 151
1208 2879 1387 2943 (forma
1429 2882 1625 2945 major).
1669 2882 1983 2931 Rhinanthus
2019 2885 2251 2948 Capensis
2295 2887 2439 2938 Linn.
2487 2904 2548 2938 ex

382 2948 554 2998 wind.
584 2963 709 3011 spec.
737 2952 787 2996 3.
808 2962 858 3011 Ρ.
888 2947 978 2994 191
1007 2946 1109 3012 (vix
1133 2953 1296 2994 tamen
1324 2962 1438 2998 cum
1462 2946 1618 2996 descr-
1664 2949 1935 2998 Buchnerae
1977 2950 2208 3000 africanae
2238 2953 2388 3002 Linn.
2415 2971 2438 3003 s
2530 2992 2542 3004 .

384 3031 432 3078 p.
460 3018 559 3063 879
581 3014 909 3077 conveniens).
931 3013 1126 3063 Bartsia
1141 3013 1371 3077 Capensis
1393 3013 1598 3079 Spreng.
1621 3022 1741 3080 syst.
1781 3019 1829 3063 2.
1856 3031 1904 3080 p.
1940 3018 2035 3065 773
2065 3018 2252 3081 (forma
2278 2972 2548 3083 paucitllffa

384 3099 415 3131 a
450 3081 676 3145 pluribus
707 3081 1054 3145 speciminibus
1086 3080 1339 3144 Europaeis
1364 3096 1463 3128 non
1496 3079 1889 3146 distinguenda).
1939 3083 2133 3133 Bartsia
2176 3084 2548 3138 rhinanthoides

382 3148 607 3199 Hoohsm
634 3149 721 3213 pl.·
739 3150 904 3211 abyss.
935 3147 1074 3195 herb.
1124 3161 1211 3194 un.
1264 3147 1374 3194 itin.
1426 3146 1742 3196 Rhinanthns
1789 3148 2050 3199 versicolor
2094 3151 2265 3200 wind.
2321 3169 2450 3217 spec.
2495 3160 2544 3205 3.

383 3231 432 3278 p.
464 3217 577 3264 190.
602 3215 740 3263 Lam.
769 3215 887 3263 dict.
913 3217 965 3262 2.
990 3228 1040 3278 p.
1082 3214 1164 3261 61.
1190 3213 1385 3262 Bartsia
1404 3213 1668 3263 versicolor
1714 3214 1848 3263 Pers,
1893 3231 2002 3280 syn.
2039 3220 2090 3265 2.
2117 3234 2164 3282 Ρ.
2207 3219 2318 3268 151.
2355 3221 2549 3271 Bartsia

386 3283 577 3332 bicolor
606 3281 731 3332 DC.!
760 3281 823 3330 ic.
847 3280 968 3346 gall.
1006 3295 1106 3328 rar.
1131 3296 1181 3344 p.
1210 3281 1260 3327 4.
1288 3286 1325 3328 t.
1351 3281 1414 3327 10
1443 3281 1570 3344 (non
1598 3282 1694 3329 nisi
1718 3282 1881 3331 colore
1912 3283 2108 3332 corollae
2132 3284 2546 3352 distinguendas).

383 3349 701 3398 Rhinanthus
728 3348 979 3396 maritima
1001 3347 1139 3395 Lam.
1164 3345 1216 3393 fl.
1252 3346 1320 3393 fr.
1340 3350 1388 3394 2.
1421 3363 1470 3412 Ρ.
1496 3351 1611 3396 353.
1635 3348 1812 3398 Planta
1846 3365 1978 3398 nuno
2009 3352 2219 3415 simplex
2239 3355 2549 3419 2-4·pollica·

382 3419 453 3464 ris
471 3451 483 3473 ‚
512 3431 645 3464 nnnc
662 3430 858 3463 ramosa
880 3413 1174 3476 2-3-pedalis
1188 3448 1201 3472 ‚
1230 3413 1339 3461 basi
1353 3413 1551 3477 hispida
1573 3415 1650 3463 vel
1667 3416 1951 3478 pubescens,
1979 3433 2185 3481 superne
2206 3422 2473 3483 proesertim
2497 3424 2548 3472 in

385 3483 742 3531 inflorescentia
760 3482 937 3529 villosa
957 3491 1005 3528 et
1029 3482 1139 3543 plus
1162 3480 1327 3527 minus
1356 3482 1565 3529 viscosa.
1589 3481 1758 3530 Caulis
1789 3491 1995 3531 erectus.
2018 3486 2157 3534 Folia
2193 3502 2254 3534 ex
2278 3488 2547 3538 lanceolato

384 3551 600 3614 oblonga
633 3550 707 3597 vel
732 3548 955 3606 linearia,
978 3554 1160 3595 remote
1180 3553 1228 3594 et
1249 3546 1423 3595 obtuse
1445 3552 1658 3605 serrata,
1695 3549 1927 3598 inferiora
1949 3551 2052 3600 basi
2076 3554 2251 3616 saepius
2265 3563 2546 3620 angustata,

384 3617 638 3680 superiora
666 3615 775 3664 basi
802 3614 1007 3663 dilatata
1032 3615 1105 3662 vel
1143 3612 1746 3678 cordato-amplexicaulia
1763 3651 1774 3672 ‚
1811 3617 1978 3665 omnia
2007 3619 2117 3681 plus
2155 3620 2321 3670 minus
2357 3623 2551 3671 scabro-

384 3684 694 3746 pubescentia
710 3682 788 3731 vel
824 3682 1045 3739 hirsuta3
1090 3680 1281 3728 floralia
1302 3682 1403 3728 ima
1433 3680 1822 3740 snbconsomia,
1860 3691 2036 3733 caetera
2058 3686 2155 3734 late
2184 3695 2329 3737 ovata
2353 3691 2551 3738 subcor-

384 3751 526 3806 daoe,
553 3750 747 3812 calyces
766 3748 1013 3811 aquantia
1035 3748 1112 3795 vel
1141 3748 1423 3809 superantia
1444 3782 1457 3807 ‚
1487 3749 1805 3810 integerrima
1826 3751 1904 3798 vel
1928 3767 2093 3814 grosse
2137 3754 2479 3816 paucidentata
2501 3765 2551 3804 et

391 3817 573 3880 sapius,
608 3816 807 3866 brevius
842 3816 1100 3879 longiusvo
1134 3815 1442 3873 acuminata,
1490 3815 2001 3878 glandulosowillosa.
2057 3819 2200 3881 Spica
2235 3819 2385 3868 densa
2432 3823 2548 3869 sub·

388 3894 646 3948 tetragona
673 3882 1051 3945 l·8·pollicai·is.
1080 3881 1282 3944 Calyoes
1320 3883 1401 3928 34
1441 3881 1529 3930 lin.
1555 3882 1712 3945 longi.
1734 3883 1930 3932 Corolla
1951 3901 1980 3932 a
2013 3888 2096 3931 6-7
2127 3900 2278 3947 usque
2302 3887 2362 3933 ad
2397 3889 2551 3934 10-12

388 3953 480 4000 liu.
499 3953 668 4015 longa,
691 3949 821 3998 flava
846 3963 983 3997 rosea
1006 3948 1172 3998 albida
1203 3949 1279 3995 vel
1305 3949 1573 4013 variegata.
1600 3948 1835 3998 Antherae
1868 3951 1982 4013 pilis
2014 3952 2285 3999 articulatis
2317 3953 2552 4014 subglan·

388 4018 577 4068 dolosis
606 4018 719 4082 plus
754 4017 920 4066 minus
947 4016 1165 4064 barbatas
1194 4015 1437 4064 velustate
1480 4014 1755 4064 denudatio.
1800 4016 2012 4080 Capsula
2051 4018 2295 4076 coriacea,
2334 4019 2422 4065 3-4
2457 4019 2547 4067 lin.

380 4179 444 4233 (ι)
473 4174 679 4232 sufragia
698 4175 870 4219 viscosa
887 4172 1041 4218 eodem
1060 4172 1241 4218 nominc
1260 4173 1433 4229 sig-nata
1452 4178 1522 4217 cst
1537 4172 1581 4216 ln
1602 4172 1726 4215 herb.
1757 4172 1883 4218 Ltnn.
