2808 4538
138 264 170 309 ὁ.
206 268 211 273 ·
307 267 891 309 mmmmmcx-
926 240 1816 310 SCROPHULARIACEAE
1837 244 2070 334 (menon
2092 247 2373 335 ΒΕΝΤΗ.).
2410 250 2544 315 539

308 359 567 416 bivalvis.
595 358 818 415 Semina
842 371 1132 413 numerosa
1150 398 1164 426 ,
1184 357 1413 429 oblonga
1430 400 1444 427 ,
1478 357 1761 430 angulata,
1806 359 1944 417 testa
1976 359 2116 419 laxa.
2135 390 2208 404 —
2231 362 2417 419 Genus
2439 362 2541 421 ha-

308 432 427 489 bitu
458 430 762 487 Pediculari
788 427 1097 497 subsimile,
1130 428 1334 484 recedit
1368 428 1439 484 ab
1476 428 1728 485 omnibus
1766 430 1844 485 Eu
1887 430 2113 489 hrasieis
2150 434 2363 491 corollae
2388 434 2543 506 galea

308 505 499 560 minus
520 501 758 559 concava
779 544 793 567 ‚
822 501 922 557 etsi
949 499 1055 556 lobi
1078 514 1186 556 non
1207 500 1642 571 plano-patentes
1667 506 1727 557 ut
1743 502 1795 557 in
1874 502 2152 559 erat-dieis.
2594 529 2602 533 ·

308 593 369 641 P.
407 592 695 641 Cnntmesn
742 589 1034 652 (Bangell.
1062 588 1160 650 o.).
1192 588 1249 638 In
1275 589 1438 638 chine
1470 589 1656 641 boreali
1681 589 1817 652 (Bun
1900 591 2062 655 !)(1).
2087 594 2256 643 Herba
2277 609 2444 643 annua
2465 595 2539 643 vel
2641 592 2646 603 '

380 658 580 707 biennis
603 693 616 717 ,
644 657 938 720 subpedalis,
978 655 1105 718 pube
1150 656 1410 716 visoidula,
1453 656 1627 705 habitu
1650 656 1831 706 Pedion
1853 659 1927 706 ari
1948 660 2157 722 palustri
2186 660 2378 709 similis.
2405 660 2547 711 Folia

304 730 309 735 '
378 725 634 789 opposita,
676 724 931 787 pollicaria
951 757 962 778 ‚
1005 721 1322 785 pinnatifida‚
1351 722 1616 787 segmentis
1638 723 1867 789 oblongis
1891 724 2090 787 incisis,
2123 726 2300 777 ultimo
2323 727 2544 777 maximo
2600 743 2607 749 ·

378 800 542 841 ovato.
570 789 802 839 Pedicelli
830 788 1139 848 brevissimi,
1167 788 1423 850 axium-es,
1465 790 1746 839 ebracteati.
1777 791 1935 856 Calyx
1964 796 1992 840 3
2031 794 2121 841 lin.
2160 794 2339 858 longus
2359 829 2372 854 ‚
2418 795 2546 844 iobis

379 858 569 907 incisis.
593 857 790 907 Corolia
817 857 878 904 10
900 856 994 905 lin.
1016 856 1185 919 longa,
1210 856 1403 904 sordide
1427 871 1582 917 rosea,
1609 858 1707 906 sere
1727 858 1950 920 Mimuli,
1977 859 2118 909 fauce
2137 858 2279 909 lincis
2299 865 2330 908 2
2353 860 2544 911 flavidis

378 927 579 984 notata,
607 924 735 973 lobis
752 924 981 988 margine
1012 922 1213 971 eiliatis.
1240 922 1502 988 capsulam
1535 923 1636 988 ipse
1658 939 1755 972 non
1776 924 1896 974 vidi.
1933 928 2010 989 (v.
2037 927 2090 975 in
2113 927 2254 976 herb.
2281 927 2406 991 DC.)

308 1042 458 1092 CLV.
496 1039 984 1091 LAMOUROUXIA
1007 1040 1176 1087 Humb.
1204 1042 1370 1101 Bonpt.
1397 1050 1439 1088 et
1469 1041 1625 1157 {eggeh
1649 1056 1753 1090 που.
1780 1057 1884 1102 aen.
1917 1051 1957 1092 et
1981 1060 2048 1105 sp.
2083 1047 2134 1092 2.
2174 1061 2223 1105 p.
2262 1049 2378 1094 335.
2401 1047 2540 1095 Endl.

1274 1123 1378 1167 aen.
1401 1124 1453 1168 p.
1591 1143 1603 1155 .

382 1225 551 1298 Calyx
588 1223 1000 1298 campanulatus
1037 1240 1376 1296 compressus
1415 1225 1750 1298 quadrifidus
1772 1268 1785 1294 ‚
1817 1226 1953 1283 lobis
1973 1244 2073 1299 per
2114 1228 2262 1301 paria
2307 1230 2544 1286 breviter

310 1297 569 1352 connexis
588 1297 673 1353 vel
699 1297 1021 1368 aequalibus.
1044 1297 1269 1354 Corollae
1293 1295 1455 1353 tubus
1479 1305 1628 1354 extra
1646 1297 1885 1371 calycem
1903 1298 2180 1371 elongatus
2207 1303 2542 1358 ventricosus
2565 1310 2569 1315 ’

310 1383 683 1440 compressus,
713 1369 866 1440 galea
913 1369 1106 1424 obtusa
1140 1368 1347 1439 integra
1390 1367 1476 1424 vel
1524 1370 1857 1441 emarginata
1895 1371 2231 1442 marginibus
2268 1374 2428 1429 rectis
2453 1374 2540 1429 vel

312 1440 490 1495 rarius
515 1440 689 1496 antice
715 1439 1014 1521 replicatis,
1042 1439 1245 1494 labium
1270 1439 1428 1510 galea
1451 1439 1669 1496 brevius
1696 1440 1778 1497 vel
1810 1442 1900 1497 vix
1921 1442 2155 1513 longius,
2199 1441 2336 1499 lubis
2359 1446 2544 1515 parvis

312 1510 557 1583 oblongis
587 1511 922 1583 patentibu3‚
966 1509 1149 1582 palato
1174 1511 1472 1581 prominulo
1496 1509 1772 1584 biplicat0.
1808 1512 2050 1568 Stamina
2079 1515 2183 1569 sub
2200 1514 2355 1586 galea
2390 1515 2542 1587 didy-

313 1598 502 1650 nama‚
515 1583 692 1639 omnia
707 1581 1033 1639 antherisera
1053 1579 1137 1639 vel
1152 1582 1356 1653 postica
1376 1582 1559 1639 brevia
1581 1583 1908 1651 anantbera;
1931 1583 2172 1641 antherae
2183 1592 2506 1643 transversae
2522 1629 2536 1655 ,

312 1652 654 1710 cohaerentes
668 1652 892 1719 villosae,
920 1652 1110 1709 loculis
1134 1652 1439 1736 aequalibus
1465 1653 1581 1710 basi
1608 1655 1909 1726 saepissime
1934 1658 2276 1712 mucronatiS.
2309 1657 2538 1728 Capsula

310 1733 506 1792 ovata,
533 1724 767 1782 valvulis
790 1724 969 1780 medio
986 1740 1047 1780 se
1086 1724 1273 1780 tilerns.
1294 1725 1509 1782 Semina
1528 1726 1857 1782 creberrima
1888 1725 2147 1797 oblonga,
2178 1727 2318 1783 testa
2343 1727 2540 1785 laxius·

314 1795 440 1855 cula
462 1796 749 1853 reticulata
774 1795 859 1851 vel
885 1741 1253 1867 subacfpresse
1293 1795 1668 1878 scrobiculata‚
1694 1796 1935 1853 radicula
1959 1798 2029 1853 ad
2048 1798 2215 1852 hilum
2240 1804 2538 1870 spectante.

310 1896 389 1909 —
413 1867 609 1924 Herboe
631 1867 928 1923 Mexicanae
972 1867 1059 1921 vel
1101 1867 1704 1935 Austro-Americanae‚
1738 1875 1934 1924 erectae
1975 1869 2063 1924 vel
2088 1870 2535 1927 subscandentes.

312 1937 464 1994 Folia
481 1939 753 2010 opposita,
782 1943 1008 2006 serrata,
1031 1938 1207 1993 rarius
1232 1937 1577 2010 integerrima
1595 1938 1679 1994 vel
1705 1939 1958 2006 dissecta,
1991 1938 2195 1996 floralia
2220 1940 2508 1998 conformia
2525 1985 2539 2012 ‚

310 2008 682 2065 decrescentia
700 2008 787 2065 vel
814 2025 1003 2082 parva.
1037 2009 1219 2065 Flores
1242 2009 1295 2063 in
1321 2009 1500 2065 axillis
1530 2010 1783 2079 solitarii,
1821 2011 2037 2066 sessiles
2073 2012 2158 2067 vel
2199 2009 2534 2085 pedicellati‚

313 2081 663 2138 ebracteolati
697 2099 710 2149 ;
748 2080 1053 2153 superiores
1092 2079 1150 2135 in
1194 2080 1372 2163 spicas
1404 2081 1489 2136 vel
1520 2092 1764 2138 racemos
1807 2081 2119 2138 terminales
2161 2084 2537 2157 approximati.

309 2151 539 2209 Corollae
560 2152 822 2226 speciosae
836 2194 851 2221 ,
876 2151 1080 2225 saepiua
1102 2165 1372 2208 coccineae
1397 2153 1486 2209 vel
1511 2168 1700 2210 roseta.

1058 2256 1241 2313 Sectio
1280 2274 1322 2314 1.
1361 2257 1820 2315 Ennnnssloinas.

381 2361 621 2411 Anthene
643 2376 811 2410 omnes
833 2361 1045 2423 aquales
1068 2361 1255 2411 fertiles
1283 2362 1499 2411 muticoe.
1526 2362 1668 2412 Folia
1690 2367 1877 2411 serrata
1897 2362 1974 2411 vel
1993 2367 2208 2411 crenata.

316 2446 364 2493 1.
392 2444 452 2493 L.
480 2455 962 2501 ammons-oms,
988 2443 1327 2508 piloso-hirta,
1360 2444 1494 2493 foliis
1517 2444 1803 2494 brevissime
1820 2445 2067 2508 petiolatis
2085 2445 2540 2495 ovato-sublanceo-

381 2510 498 2560 latis
519 2509 710 2559 obtusis
733 2511 947 2559 creantis
961 2545 974 2567 ‚
998 2511 1184 2574 ealyeis
1201 2510 1328 2559 lobis
1350 2512 1580 2574 oblongis
1601 2512 1789 2560 obtusis
1810 2511 2142 2576 integerrimis
2175 2511 2392 2561 soliaceis
2422 2513 2541 2561 tubo

383 2593 476 2627 suo
497 2579 808 2642 longioribus
828 2612 840 2635 ‚
868 2576 1054 2626 corolla
1072 2578 1237 2642 ampla
1255 2579 1550 2627 ventricosfl.
1573 2575 1641 2640 Ἡ
1659 2578 1713 2626 in
1747 2578 1926 2628 Mexiei
1960 2588 2127 2628 monte
2148 2578 2359 2628 Orizaba
2397 2579 2540 2641 (Lin-

382 2643 522 2693 dem!
549 2659 601 2692 n.
628 2648 746 2693 225.
772 2643 985 2694 Galeotti
1006 2645 1021 2692 t
1046 2660 1097 2692 n.
1125 2646 1222 2692 994
1242 2651 1293 2693 et
1327 2646 1477 2693 1104.
1506 2643 1910 2709 Ghiesbreebtl).
1945 2645 2085 2694 Rami
2126 2647 2305 2703 crassi,
2332 2651 2506 2695 teretes
2524 2682 2537 2704 ‚

382 2711 508 2760 laxi.
533 2712 674 2760 Folia
694 2714 726 2758 2
754 2711 873 2774 poll.
899 2711 1053 2776 longa
1070 2746 1082 2770 ‚
1109 2713 1132 2759 l
1157 2711 1279 2774 poll.
1324 2712 1427 2761 lata
1445 2747 1457 2771 ,
1485 2711 1679 2760 floralia
1702 2712 2047 2762 decrescentia.
2075 2712 2242 2760 Flores
2280 2725 2365 2774 per
2403 2714 2544 2774 paria

382 2778 651 2837 distantes,
674 2777 966 2842 pedicellati.
993 2778 1198 2842 Calyce·
1235 2780 1263 2824 7
1307 2778 1399 2827 lin.
1444 2779 1610 2843 longi,
1653 2778 1780 2828 lobi·
1814 2779 2013 2841 posticis
2035 2778 2321 2842 majoribus.
2343 2777 2543 2827 Cot-olla

382 2846 489 2894 fere
510 2847 571 2906 2}
592 2845 711 2908 poll.
740 2846 893 2910 longa
910 2880 922 2903 ,
951 2844 1155 2909 pulchre
1175 2844 1421 2894 coccinea.
1453 2846 1533 2909 (v.
1559 2846 1611 2893 in
1636 2845 1774 2893 herb.
1802 2844 1965 2894 Hook.
1990 2851 2038 2894 et
2059 2845 2187 2892 Mna.
2214 2843 2351 2910 par.)

314 2931 367 2975 2.
391 2926 452 2976 L.
480 2938 808 2974 nnrnnnans
827 2961 840 2984 ‚
866 2925 1061 2974 hirsuta
1079 2961 1092 2984 ‚
1114 2923 1249 2974 soliis
1286 2923 1501 2974 brevitet
1536 2925 1782 2989 petiolatis
1824 2925 2278 2974 ovato-lanceolatis
2312 2926 2536 2984 serratis,

381 2993 648 3072 floralibus
669 2992 1094 3041 subconformibus
1111 2992 1336 3071 ‚calycis
1360 2994 1479 3041 tubo
1500 2993 1637 3070 brevi
1662 2992 1788 3040 lobis
1805 2990 1920 3040 latis
1941 2991 2159 3070 foliaceis
2178 3026 2191 3048 ‚
2227 2991 2403 3070 saepius
2445 3007 2542 3040 ser-

379 3066 534 3175 ant:
547 3055 701 3176 {aa
717 3057 2544 3190 ἳῑῖὲπέέξέᾷῗῗὲἑιί9..ἳεῗὲεηῑῖῑῖἒῑτὲζῇᾙέὲῑέῑῑέῖεῑῑέῑεῑῑ

278 3217 283 3220 -
383 3192 609 3258 giuscule
654 3192 929 3257 pedieellati
954 3227 966 3251 ,
1014 3193 1457 3256 sesquipollicareS.
1496 3192 1653 3255 Calyx
1693 3195 1722 3239 6
1763 3191 1853 3240 lin.
1901 3192 2109 3256 longus,
2167 3191 2294 3240 lobia
2344 3190 2543 3254 posticis

383 3259 899 3388 {najorizusbcgirolkt
918 3258 1137 3390 {iix-suta,
1186 3259 1329 3323 galea
1355 3265 1586 3308 truncata
1627 3258 2057 3322 subemarginata,
2095 3257 2252 3307 antice
2286 3255 2539 3322 angulata.

425 3343 474 3374 v.
500 3342 554 3376 m
612 3342 663 3374 er
701 3361 715 3374 .
789 3342 847 3375 oo
890 3361 901 3373 .

148 3415 209 3513 J
242 3445 251 3452 -
314 3415 367 3460 3.
396 3409 455 3459 L.
486 3409 840 3459 >cunensis
863 3409 1067 3470 (Humb.
1094 3410 1154 3459 B.
1178 3416 1226 3459 et
1248 3410 1448 3458 Kunth!
1476 3424 1593 3458 nov.
1617 3424 1733 3473 gen.
1760 3416 1810 3457 et
1828 3424 1902 3473 sp.
1927 3412 1978 3457 2.
2010 3425 2059 3473 p.
2082 3411 2208 3472 388)
2229 3445 2243 3469 ‚
2269 3411 2443 3475 glabra
2463 3410 2540 3458 vel

385 3477 528 3526 caule
549 3476 780 3525 bifariam
801 3476 1003 3525 hii-tello
1019 3510 1032 3534 ,
1060 3476 1194 3525 foliis
1212 3476 1425 3525 breviter
1445 3477 1692 3539 petiolatis
1711 3477 1997 3525 lanceolatis
2022 3476 2220 3526 arratis
2237 3512 2251 3537 ,
2289 3477 2543 3526 floralibus

384 3544 751 3599 conformibus,
780 3543 964 3607 calycis
986 3543 1190 3592 obscure
1214 3543 1389 3592 costati
1415 3543 1611 3592 laciniis
1640 3543 1927 3593 lanoeolatis
1955 3545 2076 3593 tubo
2118 3544 2539 3608 sublongioribus.

384 3607 454 3672 26
489 3610 545 3659 in
579 3610 773 3660 Mexico
831 3609 1159 3672 (Mackenziei
1185 3610 1465 3659 Parkinson
1488 3610 1504 3674 l
1529 3609 1771 3660 Galeotti!
1794 3625 1848 3657 n.
1879 3612 2005 3659 1007
2035 3611 2111 3659 bis
2146 3626 2208 3659 ex
2243 3613 2435 3673 parte),
2459 3626 2537 3674 pr.

386 3677 571 3741 Jalapa
610 3677 828 3738 (Hnmb.
875 3682 925 3725 et
965 3677 1167 3740 Bonpl.l
1186 3679 1224 3738 ).
1256 3677 1399 3726 Ratni
1447 3676 1704 3725 divaricati
1752 3677 2082 3726 subvolabiles
2108 3677 2354 3727 videntur.
2402 3676 2542 3726 Folia

390 3743 815 3808 l-lff-pollicaria,
838 3744 1031 3807 majora
1051 3748 1081 3791 3
1096 3743 1189 3792 lin.
1211 3745 1313 3792 lata
1328 3779 1340 3798 .
1368 3750 1509 3793 acute
1526 3744 1834 3803 acuminata,
1861 3745 2123 3794 serraturis
2140 3744 2347 3808 argutis.
2371 3744 2541 3792 Flores

387 3825 474 3874 per
494 3812 637 3873 paria
658 3811 916 3859 distantes.
941 3809 1171 3859 Pedicelli
1190 3812 1275 3858 2-4
1303 3811 1395 3859 lin.
1423 3810 1561 3874 longi
1596 3825 1722 3874 soepe
1753 3812 1963 3860 recurvi.
1998 3811 2193 3874 Calyeis
2228 3810 2329 3858 lobi
2369 3810 2542 3873 postici

386 3877 619 3942 majores.
644 3877 844 3928 Corolia
860 3877 1094 3937 incurva,
1121 3877 1680 3942 tomentoso·puberula‚
1726 3878 1903 3941 pollice
1939 3878 2090 3942 paulo
2125 3876 2352 3944 longior-3
2398 3876 2544 3940 galea

386 3945 560 3994 obtuse
580 3943 886 4009 emarginata
900 3981 913 4006 ‚
937 3944 1129 3993 labium
1156 3945 1263 3994 basi
1285 3949 1552 4010 angustum
1567 3980 1581 4005 ‚
1607 3943 1734 3994 lobia
1756 3945 1978 3994 obovatis
1999 3943 2244 3993 brevibus.
2273 3943 2353 4007 (v.
2381 3942 2454 4004 s.)

178 4033 229 4106 <t
316 4028 368 4074 4.
395 4026 454 4076 L.
485 4039 805 4077 sunnon
821 4060 835 4088 ‚
866 4025 1044 4092 glabra
1064 4027 1142 4076 vel
1160 4029 1300 4078 caule
1320 4028 1552 4078 bifariam
1574 4028 1813 4094 puberulo
1831 4064 1845 4089 ,
1882 4028 2014 4077 foliis
2052 4027 2261 4077 breviter
2294 4025 2541 4091 petiolatis

316 4115 2068 4211 ffimT

1517 4272 1588 4336 ix·
2040 4293 2075 4322 ’ἶ
2117 4331 2122 4335 .
