2808 4538
348 254 430 321 16
875 249 1276 318 DICOTYL.
1329 272 1444 317 seu
1488 248 1972 320 EXOGENAE.
2333 273 2569 313 nemun.

407 366 547 417 Buck
578 366 632 416 in
665 366 808 416 Linn.
836 368 983 416 1837.
1010 382 1059 430 p.
1090 368 1204 415 132.
1240 366 1422 415 Frutex
1459 365 1634 414 habitu
1655 366 1844 416 Proteae
1865 375 2109 432 argenteae
2139 369 2275 420 haud
2303 368 2572 433 dissimilis.

412 434 486 484 01.
513 433 654 482 Buek
676 432 805 483 hanc
826 439 876 482 et
901 448 999 496 seq.
1023 448 1151 497 spec.
1173 433 1323 498 juxta
1347 432 1407 481 E.
1439 432 1708 481 formosum
1733 435 2011 484 collocavit.

348 521 429 569 ll.
469 518 529 567 E.
562 517 1035 568 Srmommn
1052 552 1065 576 ‚
1123 517 1265 566 caule
1301 532 1495 566 ramoso
1539 524 1835 575 tomentoso,
1883 518 2015 567 foliis
2053 520 2578 584 elliptico-lanceolatis

412 586 733 634 acutiusculis
770 585 1254 634 sericeo—tomentosis
1293 584 1427 632 infra
1470 583 1687 633 nervosis
1723 586 1948 649 margine
1990 589 2184 649 punctis
2225 591 2422 638 callosis
2453 587 2577 637 albis

411 652 583 701 scabro
601 686 614 712 ‚
642 666 834 701 racemo
853 651 1101 701 terminali
1131 650 1335 712 folioso,
1361 651 1563 714 spiculis
1586 651 1882 714 pedicellatis
1906 654 2221 718 auxiliaribus,
2252 656 2458 705 fioribus
2480 670 2576 703 ses-

413 719 612 779 silibus',
647 719 834 768 corolla
860 716 1132 781 suboeqnali
1148 753 1162 777 ‚
1195 718 1363 781 calyce
1385 717 1504 781 pilis
1527 718 1689 781 longis
1709 719 1835 767 albis
1858 721 2234 785 setoso—hispido
2256 722 2452 779 laciniis
2475 722 2578 771 lan-

413 786 614 835 ceolatis
643 786 939 837 acuminatis
976 784 1302 859 longissimis,
1344 784 1645 848 genitalibus
1687 786 1908 834 inclusis.
1950 789 1985 853 5
2020 788 2084 835 ad
2122 790 2283 853 Caput
2326 791 2387 839 B.
2437 789 2572 852 Spei,

413 853 565 902 latere
587 853 815 903 orientali
838 853 1021 903 montis
1044 853 1266 902 Tabulas.
1294 852 1622 901 Lobostemon
1651 851 2030 917 Sprengelianus
2056 856 2195 905 Buek
2220 858 2256 905 l.
2292 873 2337 906 c.
2365 873 2415 920 p.
2460 857 2572 904 133.

490 950 675 1007 sectio
700 965 783 1005 m.
823 937 1129 1007 Euacnimi.
1160 980 1224 989 —-
1254 946 1494 1004 Echium
1524 948 1682 1004 Baek
1717 953 1773 1004 in
1803 950 1965 1006 Linn.
2009 951 2170 1009 1857.
2199 971 2265 1027 p.
2306 952 2433 1010 129.

413 1054 575 1118 Calyx
596 1055 864 1118 &partitus
877 1091 890 1114 ,
918 1062 1115 1105 externe
1134 1054 1421 1117 plerumque
1441 1052 1619 1125 hirtus.
1646 1053 1845 1103 Corolla
1864 1055 2152 1119 irregularis
2169 1092 2182 1115 ,
2210 1058 2380 1121 calyce
2402 1058 2576 1122 saepius

349 1118 500 1185 duplo
524 1122 731 1185 triplove
754 1123 950 1186 longior
972 1156 986 1181 ‚
1022 1121 1142 1170 tubo
1165 1119 1636 1169 infundibuliformi.
1670 1120 1894 1173 Stamina
1921 1123 2098 1185 saepius
2130 1131 2339 1172 exserta.
2387 1124 2578 1189 Stigma

348 1187 639 1252 bipartitum
653 1223 666 1247 ‚
691 1190 821 1253 stylo
844 1204 1017 1253 nempe
1037 1187 1173 1252 apice
1190 1187 1358 1236 bilobo
1372 1222 1385 1248 ‚
1412 1187 1540 1235 lobis
1564 1186 1899 1236 filiformibus.
1919 1216 1988 1226 —
2005 1190 2184 1240 Herbae
2203 1193 2280 1241 vel
2302 1190 2579 1241 suffrutices

348 1270 379 1302 a
410 1254 610 1305 Medera
631 1261 681 1304 et
700 1255 924 1305 canariis
955 1255 1016 1303 ad
1050 1255 1298 1318 Europam
1333 1254 1574 1313 mediam,
1625 1252 1874 1304 Orientem
1910 1262 1958 1304 et
1990 1252 2238 1318 Nubiam‚
2278 1259 2412 1308 circa
2445 1274 2579 1308 mare

349 1321 757 1373 Mediterraneum
779 1323 1048 1385 praesertim
1074 1328 1339 1370 crescentes
1356 1356 1369 1377 ‚
1397 1320 1753 1370 inflorescentia
1780 1322 1957 1386 saepius
1987 1327 2208 1385 ramosa,
2248 1341 2386 1375 secus
2415 1340 2577 1375 ramos

352 1388 826 1452 spicato-racemosa.

348 1485 394 1568 5
424 1492 476 1550 1.
514 1489 822 1551 Fruticosa
842 1538 865 1562 ,
889 1486 1241 1550 Maderensa
1261 1502 1361 1628 (gaf
1385 1487 1774 1648 ίὶαηραιὲῧωία
1789 1535 1812 1559 ,
1851 1489 2155 1571 rarissime
2176 1492 2500 1573 Hispanica
2523 1505 2576 1552 et

748 1592 751 1593 ⁷
1047 1580 1065 1593 ⁸
1328 1587 1420 1629 acu
1444 1588 1480 1628 a
1502 1613 1517 1628 .

353 1683 433 1730 12.
461 1683 518 1731 E.
547 1695 787 1735 sumnax
811 1683 939 1745 (DC.
961 1688 1060 1731 cat.
1084 1682 1135 1729 h.
1164 1697 1353 1744 monsp.
1379 1698 1429 1745 p.
1462 1684 1595 1745 108),
1624 1683 1765 1731 caule
1793 1683 2085 1733 frutescente
2103 1684 2316 1749 simplici
2358 1685 2573 1744 hirsuto,

415 1749 546 1797 foliis
570 1751 747 1812 amplis
778 1749 1216 1799 evadi-lanceolatis
1243 1749 1472 1811 utrinque
1509 1749 1732 1812 adpresse
1766 1752 1958 1800 sericeis
1973 1786 1986 1810 ‚
2036 1753 2266 1816 panicula
2292 1753 2579 1815 longissima

415 1815 727 1878 cylindraeea
758 1815 1056 1879 spiciffirmi,
1091 1831 1115 1863 s
1148 1814 1296 1864 iculis
1326 1814 1493 1863 bifidis
1525 1816 1849 1878 pedioellatis‚
1890 1818 2204 1881 stigmatibus
2246 1818 2574 1882 simplicibus,

435 1886 468 1943 ᾖ
509 1888 559 1929 et
580 1889 743 1930 tamen
774 1886 832 1942 (22)
858 1882 911 1929 in
931 1882 1107 1930 Teneri
1148 1884 1178 1927 a
1200 1880 1384 1929 detexit
1404 1882 1468 1929 cl.
1495 1883 1811 1932 Bronssonet.
1846 1884 1906 1932 R.
1931 1891 1980 1933 et
2002 1886 2115 1935 Sch.
2141 1892 2262 1949 syst.
2295 1888 2345 1933 4.
2371 1901 2420 1949 p.
2451 1888 2511 1934 18
2532 1892 2580 1934 et

424 1949 539 1996 719.
565 1948 737 1996 Lehm.
765 1963 869 2011 asp.
901 1964 952 1995 n.
979 1950 1096 2007 297,
1125 1963 1225 1996 non
1241 1948 1446 2011 Spreng.
1477 1948 1596 1997 Ech.
1633 1949 1906 1999 fastuosum
1934 1952 2113 2001 Salisb.
2141 1952 2305 2016 prodr.
2339 1955 2452 2011 114,
2482 1968 2580 2003 non

310 2050 323 2055 -
416 2013 585 2062 Banks
614 2028 704 2063 nec
733 2014 877 2078 -Jacq,
908 2014 1021 2063 Cor.
1059 2014 1187 2063 albae
1224 2014 1581 2078 subregulares.
1619 2016 1772 2065 Stam.
1812 2025 2019 2066 exserta.
2056 2019 2225 2081 Stylus
2257 2019 2363 2067 basi
2399 2018 2574 2068 hirtus.

418 2079 641 2144 Cotyledz
677 2096 761 2145 per
801 2081 1210 2144 germinationem
1247 2081 1535 2130 orbiculatas
1575 2083 1904 2147 pubescentes.
1946 2085 2086 2133 Folia
2121 2085 2460 2148 primordialia
2498 2087 2580 2135 vix

417 2146 614 2197 sericea.
645 2147 834 2211 Species
860 2148 1138 2211 spectabilis
1162 2156 1209 2196 et
1230 2148 1614 2209 distinctissime,
1643 2151 1889 2200 rarissime
1905 2152 2208 2211 subramosa‚
2233 2152 2298 2200 ad
2321 2153 2580 2202 sectionem

419 2213 770 2277 praecedentem
794 2213 1044 2263 accedens.
1082 2217 1156 2279 (v.
1194 2230 1234 2262 s.
1263 2231 1334 2280 sp.
1361 2224 1412 2263 et
1434 2230 1481 2262 v.
1508 2218 1576 2280 c.)

356 2291 436 2345 13.
474 2298 535 2348 Ε.
572 2310 964 2349 Dnnsmnonun
991 2298 1123 2361 (DC.
1151 2306 1247 2348 cat.
1272 2299 1325 2348 h.
1361 2316 1553 2363 monsp.
1594 2317 1643 2364 p.
1689 2302 1801 2350 108.
1841 2301 2009 2351 Lehm.
2044 2318 2145 2365 asp.
2173 2319 2225 2351 n.
2251 2304 2582 2367 291)‚02ule

422 2364 656 2414 fruticoso
680 2381 900 2424 ruinose,
931 2366 1138 2416 ramulis
1162 2365 1389 2430 foliisque
1414 2368 1540 2429 pube
1562 2367 1790 2431 adpressit
1828 2369 2164 2418 cano-sericeis
2181 2405 2194 2428 ,
2229 2370 2362 2418 foliis
2390 2370 2583 2420 lanceo-

421 2430 537 2480 latis
564 2432 769 2495 patulis,
797 2432 1027 2496 panicula
1051 2432 1321 2496 spiciformi
1345 2433 1528 2493 densa,
1566 2435 1770 2498 spiculis
1798 2436 2049 2484 sessilibus
2083 2436 2406 2499 simplicibus.
2453 2439 2490 2503 ὅ
2527 2437 2580 2485 in

398 2497 619 2547 'Medera
651 2506 738 2547 aut
759 2498 1003 2548 Teneriffa
1019 2515 1081 2548 ex
1109 2506 1215 2548 test.
1239 2500 1632 2549 hortulanorum.
1661 2501 1819 2549 Valde
1843 2503 2029 2552 accedit
2050 2503 2113 2550 ad
2153 2503 2212 2551 Ε.
2247 2510 2581 2554 canescentem

422 2564 507 2613 sed
523 2565 720 2614 corollae
745 2565 957 2614 minores
975 2566 1516 2616 lilaciuo-subeoenneae
1531 2602 1544 2626 ,
1596 2567 1796 2631 spiculae
1820 2584 1851 2617 a
1874 2569 1979 2617 basi
2011 2565 2268 2628 floriferae,
2305 2571 2458 2633 pubes
2502 2586 2584 2618 ra·

421 2646 615 2680 morum
639 2632 869 2696 adpressa
890 2648 978 2682 nec
1007 2632 1214 2682 hirsuta.
1243 2635 1259 2695 (
1280 2649 1325 2682 v.
1353 2649 1399 2682 v.
1428 2634 1547 2682 olim
1570 2632 1622 2682 in
1648 2633 1700 2682 h.
1722 2649 1913 2698 monsp.
1939 2643 1989 2684 et
2010 2653 2057 2685 v.
2084 2636 2152 2692 ic..
2176 2636 2291 2700 pict.
2313 2636 2483 2699 ined.)

359 2714 439 2762 14.
478 2713 536 2763 E.
576 2726 898 2763 rAsruosm(
923 2714 1096 2777 (Jacq.
1120 2714 1159 2763 f.
1187 2715 1278 2764 ecl.
1307 2722 1343 2763 t.
1366 2717 1450 2764 41.
1472 2717 1643 2772 Lubnti,
1671 2732 1774 2779 asp.
1819 2732 1871 2764 n.
1900 2721 2059 2779 293),
2086 2717 2225 2766 caule
2247 2719 2482 2767 fruticoso
2504 2735 2583 2768 ra-

421 2796 585 2840 moso,
614 2781 763 2829 ramis
787 2781 1001 2830 molliter
1025 2781 1543 2842 tomentoso-hirsutis,
1577 2783 1709 2831 foliis
1731 2784 2015 2831 lanceolatis
2048 2784 2341 2832 acuminatis
2364 2786 2582 2834 nervosis

420 2848 704 2896 tomentosis
726 2847 1207 2908 subcanescentibus‚
1236 2849 1467 2912 panicula
1495 2849 1764 2913 spiciformi
1787 2850 2124 2914 cylindracea,
2156 2851 2357 2914 spiculis
2397 2853 2583 2916 simpli-

422 2915 562 2962 cibus
584 2913 941 2978 pedunculatis.
985 2921 1020 2981 5
1060 2916 1114 2964 in
1133 2915 1331 2964 Madent
1353 2922 1440 2964 aut
1461 2914 1706 2965 Teneriffii
1737 2933 1797 2965 ex
1840 2916 2024 2965 hortul.
2041 2955 2054 2979 ‚
2085 2919 2138 2966 in
2175 2919 2377 2981 rupibus
2402 2920 2584 2967 montis

421 2980 635 3029 Mariani
656 2982 829 3031 Sierrae
853 2981 1067 3032 Morenae
1086 2983 1419 3047 Hispanorum
1459 2998 1519 3030 ex
1551 2984 1732 3033 testim.
1776 2983 1840 3031 cl.
1880 2983 1938 3031 P.
1983 2983 2232 3049 Prolongo
2264 2984 2586 3034 Malaccensis

420 3048 474 3096 in
490 3047 629 3098 berb.
662 3048 838 3098 Boiss.!
874 3048 931 3097 E.
968 3064 1226 3098 nervosum
1247 3049 1351 3099 Ait.
1379 3050 1516 3097 Kew.
1548 3050 1624 3098 ed.
1652 3054 1702 3097 2.
1736 3066 1784 3096 v.
1815 3052 1861 3098 1.
1897 3066 1945 3113 p.
1973 3049 2112 3098 300?
2133 3052 2221 3114 (2).
2243 3052 2300 3100 E.
2318 3052 2585 3100 candicans

422 3115 523 3166 DC.
551 3120 648 3164 cat.
677 3116 728 3165 h.
756 3131 948 3180 monsp.
980 3118 1095 3164 107.
1132 3131 1233 3164 non
1277 3115 1419 3164 alior.
1457 3117 1570 3165 Gor.
1617 3132 1822 3166 nascens
1862 3132 2133 3181 purpurea,
2175 3117 2286 3166 dein
2332 3118 2586 3181 splendide

420 3183 662 3243 caerulea,
693 3182 854 3246 major
887 3198 1035 3246 quam
1059 3182 1295 3230 affinium.
1334 3187 1411 3240 (v.
1440 3199 1488 3231 v.
1514 3185 1581 3246 c.)

359 3265 440 3311 15.
474 3264 533 3312 E.
572 3276 1025 3314 MaenormrLLmt
1071 3264 1278 3327 (Lehm.
1329 3281 1433 3329 asp.
1479 3282 1530 3314 n.
1582 3267 1681 3314 294
1703 3267 1746 3326 ),
1783 3267 1923 3315 caule
1961 3265 2195 3313 fruticoso
2230 3271 2417 3324 erecto,
2451 3267 2586 3315 foliis

422 3329 939 3393 oblongo-lanceolatis
961 3332 1157 3394 oblique
1181 3333 1473 3381 acuminatis
1508 3334 1699 3380 venosis
1734 3333 2036 3381 mollissimis
2073 3331 2350 3395 subglabris
2391 3334 2588 3382 sericeis

425 3395 655 3458 utrinque
682 3397 944 3460 argenteis.
988 3400 1024 3464 5
1056 3398 1177 3447 cult.
1217 3398 1412 3460 Lipsiae.
1457 3397 1622 3447 Patria
1664 3401 1770 3462 ign.
1816 3400 2039 3448 Truncus
2080 3405 2266 3446 erectus
2317 3398 2545 3464 lignosus
2569 3434 2580 3456 ‚

424 3462 604 3511 cortice
629 3461 768 3510 fusco
791 3463 992 3511 rimoso.
1024 3464 1163 3512 Folia
1183 3465 1235 3513 in
1251 3467 1465 3514 'summo
1500 3466 1640 3515 caule
1684 3473 1942 3530 congesta,
1977 3464 2269 3528 spithamam
2316 3465 2379 3513 ad
2415 3466 2588 3530 pedem

424 3527 606 3592 longa,
636 3529 919 3593 sesquipoll.
945 3529 1007 3578 ad
1026 3533 1058 3578 2
1083 3531 1201 3594 poll.
1231 3532 1284 3579 in
1316 3532 1477 3582 medio
1512 3534 1639 3590 lata,
1673 3532 2018 3596 integerrima,
2065 3531 2420 3592 crassiuscula‚
2449 3534 2586 3583 venis

428 3595 675 3659 parallelis
697 3597 871 3644 subtus
886 3598 1291 3658 prominentibus.

413 3720 474 3773 (ι)
500 3722 563 3762 Ex
578 3720 674 3764 obs.
697 3720 814 3765 ined.
836 3721 891 3764 cl.
912 3721 1126 3766 Lberitier
1144 3725 1189 3767 in
1208 3725 1297 3768 una
1324 3736 1349 3768 e
1369 3725 1488 3780 spec.
1526 3725 1864 3768 canariensibus
1894 3725 2175 3779 cotyledones
2209 3724 2456 3767 rotundatas
2495 3735 2585 3779 pu-

361 3772 582 3816 bescentes
634 3779 684 3816 ut
718 3785 773 3817 ex
805 3775 987 3830 specim.
1030 3777 1146 3821 sicco
1167 3779 1339 3832 adjecto
1376 3785 1573 3834 apparet.
1615 3780 1677 3821 An
1709 3779 1938 3822 character
1971 3779 2206 3833 genericus
2237 3778 2304 3821 vel
2343 3778 2586 3820 sectionis?

264 3885 283 3894 ἢ
355 3825 517 3880 (mpii.
538 3805 621 3870 nd.
640 3827 660 3883 )

414 3895 475 3950 (2)
504 3895 630 3939 Aliud
642 3900 870 3953 ,specimen
892 3899 979 3942 vidi
1005 3900 1048 3943 in
1071 3900 1195 3944 berh.
1218 3901 1359 3944 Boiss.
1376 3913 1403 3943 a
1423 3904 1566 3943 Paron
1586 3899 1967 3954 circaAldequela
1989 3898 2102 3952 <ubi
2122 3900 2432 3955 copiosissime
2462 3910 2587 3943 cres·

360 3946 425 3989 cie
485 3948 645 3993 lectum
659 3983 671 4002 ‚
691 3953 770 3995 sed
790 3952 1022 4008 Aldeguela
1041 3955 1085 3996 in
1104 3954 1257 3998 lexicis
1275 3955 1582 4010 geographicis
1600 3954 1725 3997 deest
1741 3961 1787 3997 et
1803 3951 1907 3995 inde
1926 3953 2050 4007 origo
2071 3965 2158 4016 noi!
2196 3959 2316 4016 certe
2339 3953 2585 4016 hispanica.

363 4021 409 4030 —
458 4000 516 4044 ub
540 4004 718 4048 nornine
736 4008 781 4049 E.
805 4008 980 4050 nervosi
999 4019 1022 4050 s
1103 4008 1219 4051 imen
1245 4008 1668 4051 bladerenseeomm.
1691 4007 1746 4049 el.
1766 4009 1927 4052 Leman
1949 4009 2004 4048 1).-
2022 4007 2331 4056 Londmensis.
2349 4007 2421 4049 ubi
2437 4016 2588 4048 omma

359 4054 408 4096 Ε.
430 4054 613 4099 fastuosi
635 4058 718 4101 nisi
737 4060 855 4115 quod
874 4060 996 4103 nervi
1034 4062 1221 4105 oliorum
1241 4061 1397 4103 subtus
1416 4061 1539 4103 valde
1588 4061 1859 4102 remittentes
1892 4065 1938 4101 et
1966 4059 2124 4113 stigma
2164 4060 2342 4103 brevius
2371 4060 2585 4103 bilobum.

360 4107 424 4149 An
442 4109 590 4162 potius
606 4113 649 4154 E.
674 4114 1047 4169 macropbyllum?
1066 4115 1145 4157 sed
1172 4114 1344 4169 species
1378 4114 1504 4156 valde
1570 4114 1683 4157 ubia.
1723 4115 1771 4156 E.
1801 4123 2038 4155 nervosum
2075 4113 2162 4155 Ait.
2186 4112 2245 4166 (e
2264 4112 2464 4158 canariis
2485 4114 2501 4166 )
2520 4115 2592 4154 est

360 4170 516 4214 synon.
535 4165 582 4208 Ε.
603 4167 887 4222 macrophylii
908 4178 996 4211 sec-
1019 4166 1074 4211 cl.
1096 4166 1244 4213 Steud.
1268 4167 1286 4221 (
1303 4166 1428 4221 Alph.
1452 4166 1562 4220 DC.)
