2808 4538
228 258 502 298 uentu.
806 229 1416 298 mRRAGlNEAE
1461 234 1705 322 (moron
1729 244 1832 296 Dc.
1858 237 1898 324 J.
2377 238 2465 301 45

420 343 667 474 Patr.)ic.
696 350 736 393 t.
775 343 892 390 378.
915 342 1062 391 Bocc.
1087 358 1217 393 mus.
1260 349 1298 391 t.
1347 346 1431 395 77.
1474 348 1617 399 Conf.
1664 348 1929 399 Reiobenb.
1964 347 2017 397 fl.
2043 361 2152 397 exc.
2184 349 2232 397 1.
2257 365 2309 413 p.
2341 348 2459 398 ³44.

423 428 494 475 μ’.
520 428 562 460 s.

232 497 308 546 12.
333 494 399 545 A.
426 503 688 543 inmun).
714 490 731 553 (
754 488 900 540 Tem!
924 487 977 539 fl.
1010 505 1125 554 nap.
1154 491 1203 540 1.
1229 507 1279 555 p.
1307 494 1389 541 65.
1419 500 1456 543 t.
1485 497 1594 555 11),
1617 496 2032 562 villoso-hispida.
2057 496 2192 545 villis
2212 496 2328 547 aliis
2351 499 2462 548 lon-

324 562 516 611 ‘oribus
534 558 713 609 setosis
728 557 841 606 aliis
858 557 1164 607 brevioribus
1179 559 1506 612 subvelutinis
1518 597 1532 623 ‚
1556 562 1694 613 foliis
1711 563 2235 630 oblongo-lanceolatis
2250 565 2466 615 sinuato·

388 628 508 679 tatis
534 624 886 676 subundulatis
904 659 919 683 ‚
961 624 1169 674 racemis
1211 625 1578 689 spiciformibus
1615 629 1900 694 junioribus
1942 631 2213 694 compactis
2264 630 2464 681 demum

288 695 541 759 elongatis
554 729 568 753 ‚
589 691 804 741 bracteis
822 690 1129 741 subcordatis
1143 692 1552 759 lanceolatis'que,
1578 699 1740 760 calye.
1763 697 2031 759 &dentatis
2048 697 2276 761 adpresse
2293 700 2464 747 setosis

289 761 563 812 fructiferis
585 757 790 809 deflexis
816 755 1091 807 subinflatis
1107 790 1121 817 ‚
1147 756 1420 811 fornicibus
1440 762 1896 827 pupilloso-villosis
1917 799 1929 824 ‚
1954 763 2084 827 stylo
2108 772 2217 827 post
2235 765 2464 815 anthesin

290 829 465 893 calyce
503 825 838 877 subbreviore.
866 827 925 881 (Ξ)
949 826 1001 874 in
1025 824 1158 873 arvis
1193 827 1413 877 arenosis
1451 835 1502 878 et
1536 831 1664 879 inter
1701 839 1890 895 segetes
1925 829 2088 879 ltaliae
2126 830 2466 881 meridionalis

295 895 458 959 (Sem
482 893 629 945 Tem!
651 890 948 953 Moric.!)et
966 889 1148 940 Sicilie
1167 892 1186 954 (
1202 892 1348 942 Guss.
1368 895 1646 958 ).-Guss.
1689 896 1741 945 fl.
1767 898 1855 947 sic.
1879 897 2049 962 prodr.
2084 897 2203 946 214.
2227 898 2367 947 Barr.
2394 899 2460 948 ic.

292 969 333 1012 t⁴
359 965 478 1012 326.
509 962 591 1012 An
613 974 723 1009 var.
751 958 914 1008 Anoh.
956 957 1248 1007 undulata?
1270 961 1343 1024 (1)
1366 962 1509 1013 Certe
1548 964 1714 1012 icones
1736 964 1898 1014 citatus
1931 962 2033 1013 fere
2065 963 2236 1014 eodem
2255 964 2372 1028 jure
2399 965 2465 1015 ad

292 1035 557 1095 utramque
577 1025 849 1076 referendae
872 1023 1124 1074 videntur.
1154 1028 1231 1087 (v.
1254 1028 1328 1090 s.)
1701 1052 1706 1059 -

232 1109 313 1160 ts.
339 1110 406 1160 A.
429 1119 627 1159 cmsrs.
669 1105 836 1169 (vird
867 1103 919 1154 fl.
943 1120 1071 1155 cors.
1100 1122 1213 1171 app.
1254 1122 1305 1171 p.
1343 1108 1431 1173 1),
1467 1111 1695 1160 caulibus
1731 1111 2067 1161 erectiusculis
2091 1111 2206 1161 setis
2225 1113 2395 1177 paucis
2417 1122 2466 1165 et

291 1175 412 1241 pilis
431 1174 634 1226 deflexis
646 1172 869 1231 hirtella,
893 1170 1029 1222 foliis
1048 1173 1482 1241 lineari-oblongis
1505 1177 1760 1227 undulatis
1779 1177 1989 1229 dentatis
2002 1178 2174 1229 setosis
2191 1188 2240 1229 et
2256 1181 2426 1244 pilosis
2448 1214 2461 1239 ‚

296 1238 506 1292 radical.
529 1241 637 1289 basi
660 1240 955 1298 attenuatis,
980 1240 1193 1289 caulinis
1215 1240 1316 1291 imo
1350 1242 1609 1293 floralibus
1646 1245 1900 1295 sessilibus
1933 1245 2271 1296 consimilibus
2290 1282 2304 1307 ,
2331 1262 2464 1297 race-

298 1309 395 1358 mis
422 1306 707 1374 paucifloris
732 1305 862 1355 laxis
878 1339 892 1363 ‚
918 1305 1171 1371 pedioellis
1207 1308 1390 1371 patulis
1421 1309 1522 1359 fere
1544 1311 1728 1374 calycis
1752 1311 2065 1377 longitudine
2082 1347 2095 1369 ‚
2124 1312 2293 1376 calyce
2315 1313 2467 1363 fi-fido

293 1374 406 1425 basi
427 1374 776 1439 campanulato
797 1384 957 1422 setoso
986 1373 1187 1422 corollae
1208 1376 1327 1424 tubo
1358 1385 1492 1427 recto
1512 1377 1814 1442 subaequali,
1855 1378 2127 1428 fornicibus
2165 1379 2347 1429 ciliatis
2372 1395 2466 1429 nu·

296 1443 430 1491 culis
452 1441 650 1507 rugosis
673 1440 764 1489 sub
795 1440 927 1489 lente
958 1439 1150 1490 minute
1171 1443 1473 1504 granulosis.
1494 1444 1633 1493 -In
1658 1444 1868 1495 Corsica
1898 1445 2109 1495 collibus
2139 1444 2264 1510 legit
2307 1446 2371 1495 D.
2407 1445 2461 1496 S.

296 1506 523 1561 Serafino
542 1509 633 1570 (2).
654 1505 886 1556 Proxime
905 1506 1096 1556 accedit
1127 1507 1193 1555 ad
1221 1509 1285 1557 A.
1311 1509 1517 1573 Capellii
1551 1518 1600 1559 et
1621 1510 1882 1574 Lycopsim
1915 1526 2166 1560 arvensem
2200 1510 2282 1559 sed
2309 1512 2464 1563 herba

296 1575 470 1625 minor
485 1573 814 1633 multicaulis,
846 1571 969 1621 folia
995 1571 1191 1622 floralia
1221 1574 1431 1624 linearia
1467 1575 1664 1625 dentata
1687 1577 1957 1637 undulata,
1983 1576 2166 1626 racemi
2192 1577 2296 1626 laxi
2313 1613 2326 1638 ,
2358 1594 2460 1628 cor.

300 1643 459 1692 tubus
476 1641 624 1690 latior
653 1640 842 1689 brevior
855 1648 1034 1688 rectus.
1058 1640 1136 1702 (v.
1159 1656 1200 1687 s.
1225 1655 1404 1690 comm.
1433 1657 1463 1690 a
1492 1644 1556 1691 01.
1578 1643 1832 1707 viviani.)
1881 1655 1887 1662 ·

226 1721 319 1773 14.
370 1722 438 1773 A.
473 1722 739 1772 Caranus
778 1719 1008 1783 (Thunb.
1044 1719 1098 1769 fi.
1140 1735 1248 1785 cap.
1278 1724 1393 1771 162.
1433 1722 1603 1787 prodr.
1649 1725 1770 1782 34),
1797 1722 2037 1773 herbacea
2064 1730 2226 1772 erecta
2257 1724 2466 1788 simplex

298 1795 408 1840 tota
431 1789 745 1839 molliuscule
770 1788 1259 1846 hirsuto-canescens,
1286 1790 1417 1854 pube
1436 1790 1614 1853 saepius
1632 1788 1838 1849 deflexa,
1865 1788 2000 1839 foliis
2022 1789 2467 1841 lineari-lanceola-

300 1857 368 1906 tis
393 1856 647 1906 sessilibus
668 1855 900 1917 utrinque
922 1855 1279 1904 substtenuatis
1307 1856 1643 1921 integerrimis
1661 1891 1674 1914 ‚
1701 1856 1994 1921 pedunculis
2012 1857 2074 1909 in
2083 1858 2366 1922 paniculam
2384 1873 2472 1907 an·

301 1930 501 1989 gustam
524 1922 771 1987 dispositis
803 1922 977 1971 erectis
1012 1936 1231 1970 racemos
1251 1925 1341 1972 2-:3
1367 1924 1534 1972 breves
1558 1925 1843 1987 gerentibus
1860 1959 1873 1984 ,
1900 1923 2152 1988 pedicellis
2169 1925 2469 1977 brevissimis

299 1991 379 2041 cal
416 2006 473 2040 ce
495 1990 577 2038 vix
595 1988 748 2038 5-fldo
766 1988 941 2037 obtuso
960 2002 1061 2037 cor.
1080 1988 1253 2038 tubum
1269 1991 1610 2053 subsequente,
1629 1990 1826 2039 nuculis
1857 1990 2051 2055 rugosis
2073 1992 2464 2056 subgranulatis.

305 2006 415 2119 Φῖ
431 2057 495 2105 ad
515 2057 634 2120 Cap.
666 2057 818 2104 Bonae
840 2054 948 2118 Spei
969 2054 1022 2104 in
1041 2056 1260 2104 arenosis
1286 2055 1349 2103 ad
1374 2057 1658 2105 Zwartland
1678 2064 1730 2107 et
1750 2056 2097 2121 Saldanhabay
2117 2058 2378 2121 (Thunb.)‚
2400 2059 2466 2108 ad

302 2123 694 2173 Zilverfountain
718 2122 810 2170 alt.
836 2125 968 2170 2000
990 2122 1102 2186 ped.
1128 2122 1395 2187 (Bri-gel).
1418 2123 1578 2172 Andr.
1601 2125 1703 2172 bot.
1731 2140 1832 2188 rep.
1854 2130 1892 2172 t.
1915 2128 2031 2173 336.
2057 2124 2186 2174 Sims
2199 2126 2302 2174 bot.
2327 2140 2463 2191 mag.

303 2198 343 2239 t.
380 2192 524 2239 1822.
570 2189 731 2253 calyx
763 2186 986 2237 fructifer
1028 2188 1279 2253 globosus.
1322 2190 1438 2239 Cor.
1472 2191 1698 2239 eoeruless
1731 2200 1819 2239 aut
1863 2191 2462 2256 ooeruleo-subpurpureoe.

304 2257 472 2310 caulis
498 2258 612 2320 1·1;-
631 2256 744 2321 ped.
772 2255 921 2305 aluis.
943 2255 1084 2305 Folia
1105 2257 1223 2318 2·22-
1244 2255 1368 2320 poll.
1394 2258 1584 2322 longae,
1608 2260 1698 2308 3-4.
1718 2258 1806 2307 lin.
1833 2258 1965 2308 latin.
1987 2258 2062 2321 (v.
2080 2274 2120 2307 s.
2147 2259 2336 2310 fruetis.
2358 2261 2376 2323 )

236 2343 322 2391 15.
358 2341 422 2390 A.
459 2351 856 2390 uncourous.
884 2337 1090 2400 (Lehm.
1143 2355 1245 2403 asp.
1296 2355 1348 2388 n.
1400 2341 1550 2403 186),
1596 2342 1736 2391 caule
1754 2347 1911 2390 erecto
1929 2340 2141 2405 simplici
2169 2343 2470 2404 pubescenti-

306 2408 485 2457 incano
504 2441 518 2466 ,
556 2407 691 2456 foliis
721 2405 991 2455 linearibus
1030 2406 1417 2469 subspathulatis
1461 2407 1809 2458 obtusiusculis
1843 2408 2037 2457 sericeis
2071 2408 2288 2468 incenis,
2324 2408 2473 2472 spicis

307 2474 541 2524 solitariis
558 2508 573 2534 ‚
616 2473 828 2522 bracteis
859 2471 1146 2521 lanceolatis
1184 2473 1293 2522 basi
1331 2475 1625 2534 attenuatis,
1662 2475 1913 2539 calycibus
1936 2474 2104 2524 6-fidis
2127 2475 2301 2524 acutis.
2334 2474 2387 2539 ‘lp
2418 2475 2472 2524 in

305 2540 561 2591 Armenia.
584 2539 807 2604 Lithosp.
826 2539 1063 2589 orientale
1077 2539 1376 2589 leucoiifolio
1397 2549 1492 2591 etc.
1515 2542 1701 2591 Tourn.
1724 2556 1827 2592 cor.
1854 2557 1902 2606 p.
1929 2545 1976 2590 6.
2004 2543 2118 2591 Cor.
2144 2556 2296 2606 parva
2314 2541 2470 2592 limbo

305 2609 538 2659 coeruleo.
564 2606 794 2657 Fornices
815 2612 865 2655 et
887 2606 1082 2655 nuculae
1104 2605 1311 2656 indescr.

242 2691 326 2741 16.
361 2690 428 2741 Δ.
461 2690 725 2740 ΟΑΡηιἸΙ
749 2687 939 2751 (Mor-is!
965 2695 1027 2736 st.
1058 2687 1188 2737 sard.
1209 2689 1397 2739 elench.
1429 2692 1480 2737 2.
1499 2706 1547 2755 p.
1574 2693 1622 2740 6.
1644 2690 1828 2739 Bertol.
1855 2686 1908 2738 fl.
1933 2688 2038 2739 ital.
2061 2693 2110 2738 2.
2136 2706 2187 2755 p.
2203 2690 2341 2753 202),
2369 2695 2475 2740 tota

309 2756 675 2822 strigoso-hirta
717 2755 835 2819 pilis
874 2754 1013 2804 valde
1049 2755 1403 2818 inaequalibu5‚
1455 2758 1680 2806 caulibus
1716 2756 2147 2821 procumbentibus
2185 2756 2435 2806 diffusisve
2453 2794 2466 2817 ,

310 2823 444 2874 foliis
466 2822 754 2872 lanceolatis
772 2822 928 2871 obiter
951 2821 1262 2871 denticulatis
1283 2823 1581 2872 radicalibus
1617 2822 1867 2872 undulatis
1888 2822 1994 2871 basi
2018 2823 2164 2887 longe
2186 2822 2468 2882 attenuatis,

310 2890 519 2940 bracteis
542 2889 1099 2953 semiamplexicaulibus
1122 2889 1277 2938 ovatis
1300 2890 1593 2939 acuminatis
1607 2924 1619 2948 ,
1650 2889 1856 2938 racemis
1894 2889 2136 2953 elongatis
2159 2890 2313 2947 laxis,
2339 2890 2471 2952 caly-

313 2957 453 3007 cibus
492 2956 658 3005 5—fidis
684 2955 951 3005 fructiferis
972 2955 1157 3004 inflatis
1180 2957 1494 3016 nutantibus,
1540 2955 1736 3005 corollae
1775 2955 1894 3003 tubo
1928 2955 2143 3018 calycem
2179 2961 2229 3003 et
2265 2956 2476 3004 limbum

315 3029 543 3087 equanto
559 3058 572 3083 ,
603 3022 872 3072 fornicibus
907 3022 1279 3086 pubescentibus
1295 3058 1309 3082 ,
1337 3023 1533 3072 nuculis
1568 3021 1779 3085 rugosis.
1808 3016 1881 3089 (D
1902 3020 1953 3068 in
1979 3020 2217 3070 Sardiniae
2244 3020 2473 3070 centralis

316 3090 587 3152 montanis,
607 3089 831 3139 Esterzili
863 3089 986 3153 legit
1014 3089 1079 3137 01.
1116 3089 1293 3138 Moris!
1322 3090 1447 3139 forte
1469 3089 1522 3137 in
1547 3089 1714 3138 Sicilia
1736 3087 1777 3136 si
1813 3095 1870 3136 ut
1903 3086 2121 3150 suspicor
2143 3087 2242 3135 huc
2267 3087 2477 3150 pertinet

322 3158 391 3207 A.
429 3155 635 3220 crispata
667 3156 805 3206 Presl
835 3154 889 3203 fl.
919 3156 1005 3204 sic.
1036 3156 1083 3205 1.
1124 3172 1173 3220 p.
1201 3169 1407 3205 mur.
1451 3155 1610 3204 Radix
1641 3155 1791 3218 longa
1826 3153 2032 3217 simplex
2066 3152 2478 3217 perpendicularis

320 3222 647 3274 rubro-fusca.
689 3223 803 3274 Cor.
838 3224 1339 3287 purpureo-coeruleus.
1366 3223 1544 3274 Caules
1572 3237 1714 3287 pasce
1745 3220 1908 3270 foliosi
1932 3221 2048 3268 8-10
2081 3220 2246 3284 pollio.
2271 3219 2479 3270 Nucula

320 3289 388 3340 ad
411 3289 732 3355 sphincterern
762 3290 947 3339 striato
969 3288 1087 3339 hinc
1109 3305 1313 3354 superne
1342 3290 1609 3355 angulosas.
1639 3292 1707 3350 (v.
1742 3305 1782 3337 s.
1809 3303 1840 3337 a
1862 3287 1926 3336 01.
1953 3286 2077 3350 inv.)

254 3373 343 3423 17.
366 3372 433 3423 A.
460 3385 826 3424 ocultonmcs
849 3372 1072 3436 (Bieb.fl.
1101 3380 1230 3423 taur.
1262 3376 1309 3423 1.
1336 3390 1385 3439 p.
1412 3375 1548 3437 125),
1574 3373 1714 3423 caule
1734 3381 1892 3422 erecto
1911 3372 2099 3421 minute
2112 3377 2161 3421 et
2172 3369 2485 3436 subadpresse
2545 3409 2562 3434 .·.

311 3533 376 3586 (i)
403 3534 492 3577 cel.
512 3534 673 3577 Bet-tol.
705 3533 747 3577 fl.
771 3533 819 3577 it.
848 3539 887 3576 2.
906 3544 951 3588 p.
972 3534 1050 3576 288
1070 3532 1125 3576 ad
1142 3535 1191 3577 A.
1212 3532 1470 3576 undulatam
1510 3534 1662 3576 retulit
1696 3540 1741 3576 et
1765 3531 2083 3587 longitudinem
2119 3531 2222 3586 styli
2250 3532 2295 3573 in
2325 3531 2478 3575 eodem

258 3586 503 3641 specimine
520 3587 692 3630 variare
709 3586 897 3629 affirmat
912 3617 925 3638 ,
948 3592 997 3630 ut
1015 3586 1109 3640 ipse
1127 3586 1170 3629 in
1188 3586 1314 3629 herb.
1354 3587 1457 3628 vidi.
1487 3587 1692 3630 Diversae
1730 3593 1878 3630 autem
1906 3586 2077 3640 species
2093 3585 2253 3627 assem
2271 3585 2327 3627 cl.
2351 3587 2481 3628 Guss.

350 3672 359 3682 .
379 3639 424 3684 fl.
448 3639 526 3684 sic.
552 3651 596 3694 p.
618 3645 722 3690 22⁰,
741 3639 818 3695 qui
835 3639 995 3682 iterum
1015 3637 1263 3695 iterumque
1284 3640 1425 3682 miltes
1443 3647 1489 3683 et
1507 3645 1653 3693 spent.
1675 3639 1922 3683 observavit
1970 3644 2016 3681 et
2043 3649 2140 3692 syn.
2169 3637 2305 3681 Sibth.
2330 3643 2361 3680 t.
2389 3643 2477 3681 165.

259 3649 380 3736 anet
396 3693 511 3737 Link
533 3698 649 3747 port.
671 3699 703 3736 t.
720 3698 773 3736 22
788 3724 804 3747 ‚
831 3692 958 3736 Ssbb.
980 3691 1024 3734 b.
1052 3703 1165 3735 rom.
1181 3699 1212 3735 t.
1234 3696 1309 3742 2⁴,
1336 3695 1456 3736 Barr.
1481 3699 1511 3736 t.
1533 3699 1610 3737 326
1641 3693 1694 3735 ad
1717 3696 1767 3737 A.
1787 3671 2017 3746 hybridam
2040 3692 2192 3754 refert.
2224 3693 2318 3733 1100
2348 3702 2482 3733 sensu

260 3747 584 3802 unicaspecies
598 3746 680 3789 sed
698 3746 782 3789 viv.
802 3745 1021 3842 anhvigg.
1041 3748 1091 3789 A.
1114 3746 1293 3789 Pinax-di
1310 3747 1468 3789 Boiss.!
1493 3747 1552 3801 pl.
1572 3757 1665 3790 exs.
1686 3757 1777 3788 ear.
1806 3752 1875 3789 est
1903 3747 1952 3788 A.
1992 3745 2178 3799 hybrida
2216 3743 2412 3787 albissora
2428 3754 2481 3786 ex

259 3798 359 3842 e‘us
374 3798 524 3855 diega.
554 3804 593 3844 4.
655 3831 667 3842 .
689 3803 755 3842 13.
917 3829 929 3841 .
1018 3831 1028 3842 .

281 3811 381 3906 ’,(2)
407 3854 527 3896 Etin
550 3802 1422 3902 &rffiinioe(sre¹iiosism{1numis(noris
1444 3852 1492 3905 2)
1532 3852 1737 3896 Auchusa
1769 3852 1969 3895 arvensis
2001 3851 2162 3896 uon-is!
2197 3851 2257 3893 el.
2286 3850 2403 3893 sard.
2445 3858 2486 3894 t.

182 3915 191 3921 ’
262 3917 303 3961 p.
326 3912 397 3952 32.
416 3907 556 3951 Ancb.
575 3905 892 3960 crispsejusd.!
914 3905 970 3948 el.
992 3905 1108 3948 sard.
1125 3912 1165 3950 3.
1188 3917 1229 3961 p.
1252 3906 1518 3959 9.1.vcopsis
1549 3906 1693 3961 crispa
1717 3906 1874 3949 Bertol.
1898 3905 1940 3948 fl.
1965 3903 2014 3948 it.
2052 3912 2093 3949 2.
2118 3915 2158 3959 p.
2194 3908 2286 3948 337.
2317 3906 2487 3946 Hancce

262 3967 388 4016 pater
407 3972 492 4017 pro
509 3958 697 4015 Lycopsi
716 3959 892 4003 ιιι-τουδὶ
911 3958 1064 4002 babuit
1097 3965 1149 4003 ut
1179 3959 1284 4002 olim
1319 3949 1376 4003 01.
1414 3959 1571 4010 Horis.
1596 3959 1674 4003 sed
1697 3958 1979 4003 monentibus
2011 3958 2066 4003 cl.
2103 3955 2239 4001 noris
2257 3961 2302 3999 et
2327 3955 2484 4000 Bertol.

261 4013 437 4058 diversa
451 4025 523 4069 sp.
541 4018 590 4056 et
605 4023 635 4055 s
647 4012 798 4066 planta
816 4012 912 4055 viv.
931 4022 984 4054 ex
1002 4012 1168 4056 nostris
1186 4012 1367 4067 specim.
1398 4024 1488 4056 uon
1509 4012 1594 4056 nisi
1613 4012 1721 4055 flore
1740 4011 1871 4067 paulo
1889 4012 2061 4055 minore
2078 4010 2266 4054 diversa.
2285 4008 2488 4052 Auchus·

259 4066 449 4166 m
502 4063 1031 4173 ὼωῗεςοοιὶυκιιωο
1044 4064 1165 4118 calyx
1183 4065 1346 4109 sendus
1359 4071 1406 4109 et
1424 4066 1611 4108 stamine
1631 4077 1718 4108 non
1739 4076 1874 4119 prope·
1892 4064 2033 4106 basim
2054 4063 2130 4105 sed
2160 4071 2296 4115 prope
2316 4059 2484 4102 faucem
