2808 4538
239 286 374 355 340
536 265 561 283 ’ἡ
593 306 599 312 ’
801 284 1204 352 DICOTYL.
1256 306 1368 349 SEU
1413 285 1901 351 EXOGENAE.
2193 306 2467 347 Anno-rm.

308 401 516 451 floribus
559 399 831 465 majoribus
866 399 1202 447 minoribusve
1246 412 1309 446 ex
1343 397 1473 447 sieoo
1521 414 1621 448 non
1669 399 1811 448 aliter
1841 389 2205 461 distinguenda.
2249 395 2473 446 Stamina

308 483 498 533 semper
519 468 630 531 plus
656 468 821 515 minus
838 465 1034 514 villosa.
1058 466 1139 515 An
1163 479 1331 513 revera
1352 465 1536 529 speeies
1558 465 1668 514 duae
1689 464 1774 514 hie
1790 465 2006 514 confusa
2022 464 2046 513 ⁸?
2070 468 2141 525 (v.
2165 463 2229 524 s.)

243 552 325 600 10.
362 552 427 600 A.
465 560 785 611 septuplus
809 578 825 605 ,
858 547 1096 610 simplex,
1130 547 1361 604 humilis,
1402 548 2022 612 tuberculoso-asperrimn,
2063 547 2198 596 soliis
2223 544 2473 595 sessilibus

309 617 465 667 ovatis
487 616 673 665 obtusis
695 614 871 665 crassis
892 614 972 662 vel
991 614 1320 677 superioribus
1344 615 1634 663 lanoeolntis
1653 651 1665 674 ‚
1689 613 1872 678 oalyois
1891 614 2085 662 laciniis
2108 614 2472 662 ovato-lanceo—

309 683 424 733 latis
473 680 823 733 obtusiusculis
863 680 1061 728 crassis.
1089 676 1163 749 Q)
1187 681 1239 729 in
1294 681 1563 744 Abyssinifl
1607 681 1670 729 ad
1719 681 1908 730 radioes
1953 681 2138 730 montis
2195 679 2470 729 Ambazion

309 749 605 813 (Schimperl
622 752 657 811 ).
695 748 1024 811 Glossostyles
1046 747 1313 810 asperrima
1332 747 1562 796 Hochst.!
1587 747 1674 795 hb.
1703 764 1788 796 un.
1814 747 1925 796 itin.
1949 749 2021 811 pl.
2050 749 2215 811 abyss.
2240 763 2291 794 n.
2320 747 2467 795 1094.

306 817 472 865 Herba
496 817 580 865 vix
603 814 927 879 semipedalis.
952 813 1158 876 Calyces
1177 814 1553 878 semipollioares
1571 850 1583 874 ,
1618 814 1889 864 subinflati.
1917 814 2116 864 Corolla
2138 814 2221 862 vix
2247 814 2471 877 calyeem

308 883 517 933 excedit.
548 884 614 946 (v.
641 882 693 930 in
715 881 856 930 herb.
882 880 1078 943 Hook.)

244 969 326 1017 11.
366 969 431 1016 A.
468 978 686 1015 rmum
703 1001 716 1026 ,
751 966 924 1014 scabra
940 1000 953 1024 ,
980 964 1212 1025 humilis,
1236 981 1267 1014 a
1290 965 1395 1013 basi
1433 981 1625 1014 ramosa
1642 1001 1654 1025 ‚
1686 965 1818 1015 foliis
1839 965 2054 1015 caulinis
2078 964 2300 1013 minimis
2323 978 2472 1026 squa-

307 1033 642 1082 maeformibus
660 1068 673 1092 ‚
719 1032 974 1082 floralibus
1010 1032 1174 1095 parvis
1214 1032 1443 1096 oblongis
1475 1033 1685 1093 obtusis,
1722 1031 1869 1097 spicis
1901 1028 2087 1091 densis,
2128 1032 2313 1094 oalycis
2345 1031 2473 1079 lobis
2561 1024 2570 1033 ’

305 1100 536 1149 brevibus
582 1100 788 1148 obtusis.
915 1098 966 1146 in
1005 1098 1178 1148 Africa
1213 1097 1435 1147 Australi
1471 1100 1699 1148 interiore
1747 1100 1810 1148 ud
1857 1098 1990 1148 Snnd
2037 1100 2181 1148 River
2215 1104 2262 1147 et
2299 1097 2474 1146 Thebe

310 1167 486 1217 Uneha
521 1165 781 1227 (Barkel)
877 1165 994 1212 erba
1014 1198 1017 1200 -
1039 1165 1410 1228 2·4-polliearis
1442 1165 1642 1214 habitus
1683 1165 1964 1216 Orobanchi
2007 1181 2213 1214 ramosae
2256 1163 2470 1212 subsim-

306 1235 390 1283 lis.
414 1234 554 1282 Folia
580 1232 774 1282 floralia
793 1235 880 1280 2-3
906 1231 998 1280 lin.
1016 1231 1196 1296 longa,
1238 1232 1436 1280 caulina
1451 1232 1679 1296 pleraque
1712 1232 1776 1280 nd
1800 1247 2027 1295 squmnas
2050 1247 2225 1296 parvas
2247 1231 2468 1280 reducem

306 1301 475 1349 Flores
493 1299 700 1348 conferti
729 1297 1071 1364 magnitudine
1094 1300 1157 1347 A.
1184 1298 1379 1346 indieae.
1407 1300 1477 1362 (v.
1503 1299 1567 1362 s.)

242 1387 326 1435 12.
362 1383 428 1433 A.
465 1395 930 1433 ononmcnomns
950 1417 964 1442 ‚
1007 1382 1377 1446 glabriuseula,
1404 1385 1488 1431 vix
1511 1398 1722 1443 ramosa,
1749 1384 1885 1432 soliis
1904 1385 2135 1433 omnibns
2159 1384 2222 1432 ad
2245 1398 2476 1447 squamas

303 1453 474 1499 breves
512 1450 721 1499 reductis
743 1485 755 1507 ‚
801 1449 948 1513 spicis
988 1450 1276 1513 interruptis
1297 1484 1309 1508 ,
1353 1448 1538 1512 calycis
1560 1451 1687 1499 lobis
1706 1451 1936 1500 brevibus
1957 1451 2073 1501 latis
2096 1451 2300 1499 obtusis.
2419 1451 2472 1499 in

302 1518 474 1567 Africa
515 1517 721 1565 australi
749 1515 810 1564 ad
845 1516 968 1565 Port
1009 1515 1157 1564 Natal
1181 1517 1235 1565 in
1261 1516 1543 1565 maritimis.
1588 1517 1851 1582 (Dregei).
1893 1517 2181 1567 Orobanche
2209 1519 2348 1581 parvi
2387 1532 2475 1566 ora

305 1585 363 1633 Ε.
392 1584 547 1648 Mey‚!
585 1584 653 1647 pl.
680 1584 774 1632 Dr.
800 1598 903 1631 exs.
949 1583 1114 1630 Herba
1139 1582 1564 1646 6·18-p0nioaris,
1594 1585 1926 1634 verisimiliter
1969 1584 2234 1648 parasitica
2254 1620 2268 1644 ‚
2297 1583 2474 1635 babitu

307 1652 484 1715 Strigae
506 1649 873 1701 Orobnnohoidi
900 1649 1093 1699 similis.
1121 1649 1287 1698 Flores
1309 1650 1374 1698 A.
1398 1649 1619 1713 pumilae.
1646 1651 1713 1714 (v.
1741 1654 1804 1716 s.)

862 1798 1073 1859 Tribus
1113 1802 1270 1861 VIII.
1322 1798 1485 1859 GRA
1497 1800 1579 1861 TI
1581 1799 1840 1863 OLEAE.

326 1945 495 2025 calyx
520 1945 859 2008 5-dentatus
879 1988 895 2016 ‚
930 1945 1154 2007 5-fidus
1198 1946 1286 2007 vel
1314 1948 1626 2023 5-partitus
1651 1993 1667 2018 ,
1698 1948 1984 2009 rarissime
2031 1949 2055 2027 (
2082 1950 2143 2009 in
2172 1951 2433 2023 Curanga
2452 1991 2468 2018 ‚

247 2026 661 2090 Micranthemo
687 2038 745 2086 et
776 2024 1150 2105 Hemiantho)
1173 2028 1481 2104 li-partitus
1498 2028 1583 2088 vel
1613 2027 1941 2090 li-dentatus
1963 2074 1980 2100 ‚
2004 2029 2221 2090 laciniis
2247 2029 2475 2103 aestiva-

245 2110 401 2169 tione
428 2107 555 2185 plus
583 2107 770 2166 minus
787 2106 1113 2168 imbricatis.
1152 2107 1389 2167 Corollae
1410 2107 1585 2167 tubus
1607 2107 1954 2184 cylindricus
1993 2109 2079 2170 vel
2116 2108 2479 2186 campanula-

246 2199 376 2258 ωε,
412 2205 517 2248 nec
545 2187 875 2257 fossulatuS,
913 2203 1018 2246 nec
1046 2186 1353 2248 calcaratus
1375 2232 1391 2258 ,
1446 2188 1730 2248 rarissime
1765 2189 1852 2266 (in
1889 2187 2300 2267 Sphenandro)
2333 2187 2479 2248 sub·

252 2267 442 2330 nullus
465 2314 481 2339 ,
514 2267 672 2328 limbi
709 2267 927 2328 laciniae
975 2266 1155 2345 planae
1208 2279 1464 2345 patentes
1494 2273 1526 2329 5
1549 2267 1904 2348 subaequales
1931 2271 2018 2330 vel
2047 2271 2198 2331 varie
2239 2269 2297 2329 in
2337 2268 2481 2330 labia

252 2349 371 2411 duo
398 2349 612 2410 coalitae
640 2349 726 2408 vel
755 2348 1157 2425 approximatae
1178 2395 1194 2420 ‚
1226 2348 1376 2410 labio
1418 2350 1710 2425 superiore
1734 2352 1916 2411 rarius
1941 2369 2188 2412 concavo
2209 2396 2225 2421 ,
2257 2351 2483 2410 aestiva-

251 2431 407 2490 tione
446 2446 671 2506 semper
714 2429 1010 2489 exteriore.
1064 2430 1315 2492 Stamina
1346 2429 1434 2488 vel
1462 2433 1500 2492 [ι
1528 2429 1831 2507 didynama
1855 2477 1871 2500 ‚
1897 2431 1984 2492 vel
2027 2434 2095 2502 2,
2128 2432 2255 2507 plus
2295 2432 2487 2491 minus

253 2508 671 2579 adscendentis,
703 2509 790 2568 vel
820 2509 1005 2568 rarius
1020 2507 1282 2569 distantia
1312 2527 1419 2570 nec
1436 2509 1735 2582 declinata,
1759 2513 1945 2589 quinti
1963 2512 2174 2571 summi
2192 2510 2488 2571 rudimen-

252 2602 375 2649 tum
409 2588 575 2665 vulgo
602 2588 856 2659 nullum,
902 2589 1058 2648 adest
1104 2588 1393 2650 interdum
1452 2588 1623 2651 breve
1651 2590 2025 2652 anantherum
2048 2636 2063 2661 ,
2097 2603 2157 2651 et
2197 2591 2489 2650 rarisdme

261 2670 356 2747 (in
389 2673 607 2746 Bacopa
635 2678 692 2728 et
718 2667 1005 2729 interdum
1035 2669 1093 2727 in
1132 2670 1418 2729 Stemodia
1474 2670 1858 2750 suffruticosa)
1908 2672 2222 2749 perfectum
2267 2671 2493 2731 caeteris

254 2750 454 2810 simile.
492 2747 757 2810 Antherae
811 2748 979 2825 vulgo
1004 2748 1339 2810 biloculares
1366 2795 1381 2820 ‚
1416 2749 1611 2810 loculis
1654 2751 1967 2821 distinctis,
2000 2753 2058 2810 in
2109 2752 2485 2828 Aptosimeis‚

259 2830 535 2892 Manuleis
554 2875 569 2900 ‚
608 2829 913 2907 paucisque
949 2829 1070 2888 aliis
1100 2829 1224 2905 plus
1253 2831 1441 2890 minus
1470 2833 1841 2892 confluentim
1863 2831 2258 2892 uniloculares,
2302 2832 2494 2908 Stylus

258 2911 479 2982 varim,
510 2910 671 2992 apice
699 2927 849 2986 saepe
864 2907 1249 2969 bilameliatus
1289 2911 1525 2986 Capsula
1551 2913 1721 2979 sicca,
1751 2911 2178 2973 membranacea
2203 2911 2292 2971 vel
2310 2911 2496 2973 rarius

261 2992 512 3053 coriacea
541 2988 829 3060 ‚bivaivis
859 2988 948 3048 vel
1001 2989 1234 3049 valvulis
1276 2989 1554 3067 bipartitis
1600 2991 2029 3063 sub-tvvatvis,
2072 2993 2409 3072 rarissime(
2438 2992 2492 3050 in

264 3070 558 3149 Peplidio)
612 3068 1107 3140 subindehiscens‚
1156 3069 1426 3147 placentis
1473 3089 1575 3149 per
1628 3069 2036 3132 dehiscentium
2077 3072 2362 3133 columnae
2411 3069 2498 3131 vel

264 3152 667 3228 dissepimento
695 3149 927 3211 centrali
957 3149 1136 3209 libero
1166 3150 1383 3210 adnatis
1406 3196 1420 3220 ,
1455 3151 1640 3211 rarius
1666 3152 1899 3211 demum
1946 3152 2169 3223 liberis,
2210 3153 2499 3212 rarissime

265 3232 499 3294 valvulis
528 3230 716 3292 medio
741 3230 1020 3307 septiferis
1053 3228 1488 3291 adhaerentibus,
1543 3231 1771 3292 Semina
1822 3232 2163 3311 (generibus
2198 3233 2500 3311 perpaucis

269 3312 553 3390 exceptis)
591 3329 887 3372 numerosa
908 3356 923 3381 ,
958 3327 1126 3387 parva
1150 3355 1167 3384 ‚
1197 3309 1429 3371 ovoidea
1457 3311 1543 3371 vel
1586 3311 1856 3388 oblonga,
1900 3316 2043 3373 testa
2081 3312 2380 3374 reticulata
2410 3310 2500 3372 vel

216 3449 220 3453 .
270 3391 783 3466 {omnimo-rugosa.
823 3390 1074 3466 Embryo
1102 3401 1291 3451 rectus
1311 3436 1326 3462 ‚
1353 3391 1658 3451 dimidium
1680 3393 1912 3452 seminis
1936 3410 2169 3471 aequans
2196 3394 2284 3454 vel
2325 3410 2502 3470 supe-

271 3487 404 3532 rans
427 3514 444 3540 ‚
475 3469 725 3531 radicula
746 3470 816 3531 ad
843 3469 1027 3534 hilum
1055 3481 1341 3546 spectante
1359 3471 1445 3531 vel
1474 3472 1546 3531 ab
1574 3490 1642 3532 eo
1672 3473 1838 3549 paulo
1853 3474 2115 3534 distante.
2142 3506 2225 3529 -ε-
2255 3472 2464 3534 nen-bae
2481 3516 2499 3542 .

272 3550 459 3611 rarius
489 3549 839 3620 suss'rutices‚
871 3567 1021 3626 saepe
1050 3550 1356 3625 uliginosae.
1409 3553 1828 3614 Inflorescentia
1862 3553 1882 3632 (
1909 3558 2142 3631 excepta
2186 3553 2450 3614 Manulei
2477 3552 2501 3628 )

274 3629 531 3706 undique
548 3631 877 3706 centripeta.
906 3630 1173 3690 Pedicelli
1210 3632 1459 3703 uniflori‚
1481 3632 1735 3692 axillares
1763 3632 1849 3693 vel
1877 3635 2174 3705 racemosi,
2198 3632 2511 3694 ebracteati

275 3710 362 3770 vel
395 3707 693 3770 bracteolis
726 3713 819 3770 1-2
852 3712 907 3769 in
934 3710 1123 3786 calyce
1149 3711 1273 3788 ipso
1313 3713 1497 3773 rarius
1527 3713 1586 3772 in
1617 3713 1891 3791 pedicello
1922 3713 2151 3775 alternis
2175 3715 2384 3774 onusti.
2425 3745 2510 3758 —-

279 3788 492 3850 Tribus
531 3800 680 3848 vasta
718 3808 747 3849 a
788 3789 1109 3850 Chelonieis
1138 3791 1420 3869 imprimis
1452 3794 1864 3853 inflorescentia
1893 3793 2195 3855 distinctus
2218 3840 2233 3863 ‚
2270 3795 2367 3854 cui
2401 3811 2510 3853 ex-

279 3869 467 3943 ceptio
492 3868 604 3929 sola
633 3870 688 3927 in
718 3870 833 3929 infl.
874 3871 1167 3945 irregulari
1214 3874 1439 3947 generis
1469 3873 1745 3934 Manuleae
1789 3874 2025 3935 videres,
2081 3875 2375 3937 AEstivatio
2404 3890 2514 3932 co-

278 3947 435 4007 rollae
480 3948 539 4006 in
581 3949 883 4022 generibus
926 3951 1227 4027 perpaucis
1284 3952 1647 4031 (Lasuentea,
1695 3952 2065 4027 Geochorda,
2122 3951 2507 4034 Hemiantho)

280 4027 520 4088 ulterius
545 4028 897 4108 inquirenda.
