2808 4538
278 352 281 353 ⁷
328 268 462 337 560
598 352 607 357 .
859 264 1261 342 DICOTYL.
1316 290 1430 334 seu
1475 266 1962 339 EXOGENAE.

330 444 521 495 CLXV.
554 442 978 493 PEDICULARIS
1015 445 1149 489 [ἱππ.
1177 457 1280 501 qen.
1317 458 1366 502 p.
1412 445 1528 489 307.
1566 444 1738 489 Goerm.
1778 444 1843 501 [r.
1887 442 1933 489 1.
1980 456 2029 502 p.
2063 442 2180 490 246.
2211 449 2246 491 8.
2277 445 2360 491 53.
2404 446 2562 492 sema

393 528 602 571 monoyr.
626 516 678 557 in
698 527 832 558 mem.
859 526 950 558 soc.
977 518 1077 557 nae.
1108 523 1251 569 mosq.
1279 526 1324 555 v.
1350 512 1402 555 6.
1439 510 1595 567 Btmyo
1619 512 1672 554 in
1694 511 1812 555 bul!-
1841 511 1977 556 acad.
2019 517 2198 569 potr-op.
2226 511 2276 557 8.
2303 525 2356 557 n.
2396 512 2480 559 16.
2517 520 2562 560 et

402 584 518 626 null.
540 582 679 640 phys.
704 581 855 625 math.
874 594 915 624 v.
942 577 989 624 l.
1016 593 1066 624 n.
1100 578 1163 623 24
1189 578 1278 637 (1).
1301 578 1440 623 Euda.
1466 590 1572 635 qen.
1591 591 1640 635 p.
1672 575 1788 623 694.
1839 602 1842 605 Δ

406 690 570 765 Calyx
608 690 888 747 tubulosus
929 686 1014 744 vel
1063 689 1510 761 campanulatus,
1545 689 1725 745 antice
1760 695 1817 746 et
1863 689 2132 746 interdum
2168 691 2403 764 poetice,
2441 691 2567 773 plns

298 826 303 831 ¹
335 762 514 817 minus
541 760 725 829 fissus,
762 761 919 832 apice
941 760 1348 827 2·5·dentatuS,
1393 760 1645 817 dentibus
1686 776 1810 817 raro
1856 762 2187 832 aequalibu8‚
2243 763 2566 821 lateralibus

331 832 574 890 connatis
600 832 685 888 vel
713 831 895 887 liberis
911 874 924 900 ‚
945 830 1430 887 cristato-dentatis
1445 831 1530 887 vel
1549 831 1791 903 integris,
1822 832 2024 905 postico
2039 833 2336 915 saepissime
2355 834 2565 892 minore

333 904 618 975 integriore
644 902 731 959 vel
758 904 868 959 inte
905 902 1101 959 errimo
1125 911 1221 958 aut
1249 902 1553 959 deficiente.
1583 902 1808 961 Corollae
1838 903 2001 960 tubus
2023 903 2357 977 cylindricus
2383 904 2470 962 vel
2487 908 2562 963 ad

330 975 542 1031 faucem
567 973 725 1047 paulo
748 990 874 1046 amp
896 973 1062 1043 iatu33
1095 973 1248 1046 galea
1277 989 1588 1047 compressa
1614 973 1807 1033 obtusa
1851 974 2058 1047 integra
2107 976 2192 1031 vel
2239 977 2423 1032 antiee
2459 979 2564 1033 sub

333 1047 487 1118 apice
521 1046 773 1118 utrinque
811 1044 973 1101 dente
1020 1052 1181 1101 aucta
1223 1045 1310 1101 vel
1363 1046 1417 1100 in
1458 1052 1688 1101 rostrum
1727 1052 2036 1102 truncatum
2080 1047 2167 1103 vel
2220 1047 2562 1106 bidentatum

316 1117 624 1193 ,productim
660 1116 863 1172 labium
890 1116 1110 1173 inferius
1144 1116 1261 1171 basi
1301 1117 1673 1184 suberectum,
1722 1133 1886 1190 supra
1930 1117 2299 1186 bieristatum‚
2347 1119 2487 1175 lobis
2529 1128 2561 1170 a

333 1189 527 1243 erectis
554 1188 637 1244 vel
670 1187 871 1259 saepius
911 1188 1223 1260 patentibus
1247 1188 1333 1243 vel
1356 1188 1579 1244 deflexis
1603 1231 1616 1256 ‚
1660 1187 1972 1245 lateralibus
2012 1189 2318 1245 rotundatis
2347 1233 2362 1259 ,
2394 1191 2561 1245 inter·

334 1258 507 1315 medio
533 1260 734 1315 minore
764 1260 847 1315 vel
872 1259 1046 1315 rarius
1071 1258 1302 1330 aequali,
1348 1275 1445 1332 per
1484 1259 1874 1316 aestivationem
1911 1261 2131 1318 extimo.
2167 1261 2413 1317 Stamina
2457 1263 2562 1317 sub

368 1331 485 1388 alea
510 1331 832 1403 didynama3
863 1329 1138 1387 filamenta
1168 1331 1350 1387 omnia
1381 1330 1464 1387 vel
1497 1333 1530 1385 2
1560 1331 1764 1403 postica
1788 1331 1980 1387 saltem
2011 1331 2126 1387 basi
2155 1333 2358 1404 saepius
2389 1332 2559 1405 pilosa

332 1348 476 1473 ‘ff'pilis
503 1409 684 1458 tamon
710 1401 765 1456 in
791 1401 983 1457 eadem
1009 1402 1191 1474 specie
1225 1416 1328 1457 non
1360 1401 1790 1474 constantibus);
1824 1402 2065 1458 antherae
2100 1409 2426 1461 transversae
2466 1420 2564 1476 per

373 1474 485 1528 aria
510 1473 594 1530 vel
614 1489 804 1529 omnes
829 1480 978 1529 arcte
1001 1472 1386 1545 approximatae
1402 1516 1416 1542 ,
1448 1469 1634 1531 loculis
1662 1472 1961 1545 aequalibus
2010 1475 2225 1530 muticis
2247 1474 2337 1532 vel
2365 1475 2418 1530 in
2445 1475 2561 1533 sola

335 1490 396 1601 Β.
425 1544 748 1617 grandissora
781 1544 1036 1600 aristatis.
1079 1541 1308 1616 Capsula
1344 1560 1681 1617 compressa,
1730 1552 1889 1601 ovata
1931 1545 2015 1602 vel
2059 1544 2392 1614 lanceolata,
2441 1547 2562 1619 plus

336 1617 515 1673 minus
540 1616 738 1672 falcata
764 1615 850 1672 vel
874 1614 1093 1687 obliqua
1138 1616 1436 1686 praesertim
1471 1616 1541 1671 ad
1569 1631 1602 1672 a
1644 1615 1808 1684 icem3
1848 1616 2049 1688 postice
2086 1617 2159 1673 ab
2193 1618 2349 1689 apice
2374 1633 2563 1673 versus

336 1687 491 1744 basin
516 1695 571 1744 et
600 1687 779 1743 antice
806 1686 1011 1759 saepius
1036 1686 1256 1742 brevius
1282 1686 1558 1743 loculicide
1619 1686 1891 1757 ehiscens‚
1923 1687 2157 1745 valvulis
2179 1688 2360 1744 medio
2387 1690 2565 1762 septi-

337 1758 480 1815 foris,
508 1759 728 1816 Semina
757 1758 808 1812 in
836 1765 990 1830 parte
1026 1756 1276 1813 inferiore
1313 1757 1553 1830 capsulae
1591 1756 1882 1815 lateraliter
1925 1758 2114 1828 affixa,
2154 1760 2414 1830 ovoidea‚
2449 1777 2560 1816 ma-

332 1830 540 1900 juscula
563 1873 579 1898 ‚
609 1830 747 1885 testa
769 1828 1030 1901 appressa
1066 1827 1149 1884 vel
1200 1828 1529 1896 maiuscula,
1571 1828 1934 1885 foveolato-ru
1971 1830 2069 1887 osa
2104 1831 2194 1888 vel
2225 1831 2559 1887 laevinscula.

341 1901 572 1972 Embryo
668 1917 798 1955 rvus
833 1899 919 1954 vel
966 1899 1262 1971 elongatus,
1307 1899 1562 1956 Radicula
1598 1900 1667 1955 ad
1701 1901 1909 1971 apicem
1966 1907 2150 1957 ructus
2175 1902 2451 1975 spectans.
2492 1930 2580 1971 -,

330 1973 532 2027 'llerboe
557 1987 593 2043 p
611 1986 831 2041 eraeque
853 1978 1128 2026 montanae
1166 1971 1444 2052 utriusque
1481 1972 1658 2039 orbis,
1694 1970 1747 2025 in
1777 1971 2156 2042 hemisphaerio
2187 1974 2411 2030 australi
2444 1991 2564 2046 per-

340 2058 556 2114 paucae,
588 2043 641 2096 in
665 2042 864 2098 Sibiria
886 2048 942 2097 et
965 2043 1019 2097 in
1047 2043 1200 2097 terris
1231 2042 1444 2097 arcticis
1485 2058 1807 2099 numerosae.
1836 2043 1983 2098 Folia
2025 2044 2231 2100 alterna
2278 2045 2363 2100 vel
2400 2046 2562 2101 verti·

338 2113 518 2169 cillata
536 2113 809 2169 rarissime
833 2113 1209 2186 subopposita,
1237 2114 1407 2170 semel
1426 2112 1695 2186 pluriesve
1735 2114 1999 2186 pinnatim
2035 2112 2210 2171 divisa
2256 2116 2342 2172 vel
2388 2118 2565 2173 rarius

337 2183 650 2257 simpliciter
682 2184 930 2253 dentata,
962 2200 994 2240 a
1027 2184 1348 2240 radicalibus
1376 2185 1431 2239 in
1459 2184 1661 2240 floralia
1705 2185 2094 2242 decrescentia.
2142 2186 2324 2243 Flores
2365 2188 2561 2260 spicati

342 2255 425 2312 vel
450 2254 622 2312 rarius
646 2256 932 2323 racemosi‚
978 2255 1344 2313 ebracteolati.
1390 2255 1540 2312 Folia
1588 2255 1790 2313 floralia
1847 2256 2271 2316 bracteaesormia
2357 2259 2565 2332 integra

342 2328 425 2384 vel
457 2328 652 2396 incisa,
688 2327 862 2384 rarius
887 2327 1119 2383 caulinis
1159 2328 1574 2383 subconsormia.
1601 2359 1672 2368 —
1700 2329 1758 2383 ln
1794 2328 1896 2384 hoc
1931 2345 2131 2402 genere
2157 2302 2455 2387 dividendo
2480 2347 2564 2386 se-

340 2400 447 2454 ries
472 2398 757 2470 plerasque
785 2414 816 2453 a
853 2398 1107 2454 Stevenio
1151 2398 1411 2455 limitatas
1439 2398 1667 2469 admisi,
1722 2400 1823 2455 etsi
1869 2415 1975 2454 non
2025 2415 2242 2473 semper
2286 2401 2564 2459 naturaloe

336 2471 464 2538 sint,
484 2485 584 2525 nec
601 2468 856 2525 limitibus
871 2470 1031 2524 certis
1049 2468 1283 2526 definitae
1312 2471 1418 2541 (ex.
1483 2486 1527 2526 r.
1549 2471 1974 2543 Bicuspidataein
1990 2473 2270 2530 Rostratas
2288 2474 2373 2529 vel
2391 2474 2564 2530 Eden-

341 2540 481 2596 tulas
508 2541 730 2608 abeunt,
766 2539 919 2612 galea
965 2540 1144 2596 antice
1196 2487 1486 2614 angustat}
1531 2557 1564 2597 a
1603 2541 1761 2614 galea
1789 2541 2024 2599 breviter
2059 2544 2295 2602 rostrata
2323 2562 2430 2603 non
2465 2545 2566 2601 dis-

341 2611 631 2684 tinguenda
650 2611 665 2683 )
684 2654 697 2680 ‚
726 2612 823 2667 sed
848 2612 1023 2667 adhuc
1066 2611 1312 2669 meliores
1341 2629 1444 2668 non
1469 2621 1772 2669 occurrunt.

432 2717 614 2771 Series
653 2732 691 2772 1.
742 2715 1165 2771 Verrucium-m:
1193 2718 1387 2771 Sceven
1413 2732 1555 2771 mon.
1585 2733 1644 2788 p.
1671 2717 1760 2772 20.
1789 2716 2222 2790 Cyclophyllnm
2253 2719 2471 2791 Bnnqe.

405 2823 544 2872 Folia
565 2821 763 2870 caulina
786 2820 1093 2869 verticillata.
1125 2819 1279 2869 Series
1303 2820 1577 2869 artificialis
1599 2837 1630 2869 a
1650 2821 1838 2872 coeteris
1860 2822 2097 2872 facillime
2120 2824 2353 2874 distincta.
2385 2826 2564 2889 species

338 2890 662 2953 complectens
687 2886 849 2951 quoad
868 2887 1011 2936 flores
1035 2886 1175 2935 valde
1197 2887 1429 2937 diversas.
1458 2888 1598 2938 Folia
1619 2888 1672 2937 in
1696 2888 1936 2938 vet-ticillo
1977 2890 2240 2953 saepissime
2265 2895 2323 2951 4,
2352 2894 2510 2942 rarius
2531 2897 2562 2938 5

340 2958 412 3010 vel
441 2962 469 3005 6
489 2993 501 3017 ,
530 2956 775 3006 rarissime
797 2957 884 3004 2-3
904 2990 915 3012 ,
945 2951 1116 3003 infima
1136 2955 1385 3004 interdum
1409 2971 1592 3019 sparsa.

1145 3052 1190 3133 S
1233 3057 1286 3114 1.
1341 3052 1766 3134 Lonqirostres.

346 3171 391 3218 1.
430 3168 489 3219 P.
528 3180 835 3218 reem-mxu
857 3166 1046 3227 (Wnll.!
1075 3175 1171 3214 cat.
1199 3183 1250 3214 n.
1274 3167 1390 3214 420.
1418 3165 1597 3216 Benth.
1625 3167 1819 3232 seropli.
1845 3167 1951 3216 ind.
1978 3183 2027 3231 p.
2052 3169 2164 3231 52),
2188 3177 2377 3227 erecta,
2404 3170 2555 3229 elata,

409 3238 693 3285 subramosa
711 3270 724 3292 ‚
765 3234 897 3282 foliis
920 3233 1227 3297 pinnatilidis
1258 3241 1307 3282 et
1330 3234 1720 3297 pinnatipartitis
1741 3234 1973 3297 cauleque
1996 3235 2184 3299 glabris
2202 3271 2215 3293 ‚
2239 3236 2436 3285 laciniis
2461 3238 2560 3285 lan-

409 3304 608 3351 ceolatis
629 3302 786 3351 acutis
811 3301 1008 3350 serratis
1029 3299 1409 3363 pinnatifidisve,
1438 3300 1572 3365 spica
1593 3301 1875 3350 laxinsculfl
1892 3301 2066 3366 glabra
2085 3303 2160 3350 vel
2178 3303 2363 3365 pilosa,
2383 3304 2563 3371 enlycis

410 3370 638 3418 dentibus
678 3369 836 3416 acutis
873 3367 1233 3431 integerrimis,
1279 3368 1477 3416 corollae
1522 3367 1640 3416 tubo
1685 3368 1896 3416 breviter
1937 3376 2157 3428 exserto,
2208 3369 2366 3433 galeas
2408 3379 2563 3419 rostro

409 3437 559 3499 longo
582 3436 715 3484 tenui
753 3435 887 3497 apice
927 3441 1165 3483 contorto.
1192 3429 1260 3498 '24'
1284 3435 1333 3481 in
1364 3434 1492 3497 jugo
1514 3434 1842 3497 Himnlnyano
1866 3435 2127 3497 (Wallichl
2174 3435 2356 3499 Royle!
2405 3436 2560 3502 Edge-

411 3502 563 3549 worth
588 3502 599 3549 !
638 3504 772 3558 etc.).
800 3500 968 3549 Caulis
995 3501 1249 3564 bipedalis.
1278 3501 1418 3549 Folia
1441 3501 1831 3565 2-1-pollicaria,
1858 3501 2054 3550 laciniis
2089 3502 2408 3551 inferioribus
2443 3519 2564 3567 sape

410 3568 889 3631 ulti-apollionribns‚
917 3563 1268 3636 crassiuscnln¹
1297 3567 1492 3615 floralia
1530 3569 1812 3617 lato-ovata.
1850 3569 2006 3632 Calyx
2036 3585 2120 3631 per
2160 3569 2388 3618 anthesin
2415 3573 2447 3617 4
2471 3571 2558 3618 lin.

410 3635 617 3698 longus,
646 3649 763 3681 mox
784 3633 1000 3682 inflatus.
1031 3635 1198 3683 Galeae
1226 3641 1441 3681 rostrum
1472 3640 1501 3681 6
1524 3634 1615 3682 lin.
1648 3635 1850 3698 longum
1871 3670 1884 3692 ‚
1919 3636 2104 3683 labium
2131 3635 2430 3685 latissimum
2453 3637 2563 3685 lobo

408 3701 571 3750 medio
603 3715 768 3765 parvo,
800 3700 1069 3749 Filamentn
1110 3701 1255 3749 dense
1282 3702 1473 3764 pilosa,
1511 3702 1584 3750 uti
1626 3703 1966 3751 connectivum
2004 3702 2319 3752 antherarum
2349 3704 2558 3768 postica·

412 3784 540 3816 rnm.
568 3773 636 3830 (v.
668 3767 733 3828 s.)

344 3857 393 3905 2.
432 3854 490 3903 P.
529 3864 895 3901 Prnamnxra
917 3851 1130 3915 (Roylei
1169 3851 1220 3900 in
1245 3850 1423 3900 Benth.
1462 3851 1654 3917 scroph.
1685 3851 1788 3900 ind.
1819 3852 1987 3915 p.'52,
2025 3861 2214 3912 erecta,
2247 3855 2410 3914 elata,
2451 3855 2560 3903 sub·

410 3921 615 3983 simplex
630 3955 642 3979 ,
668 3918 808 3967 caule
841 3933 1046 3981 superne
1066 3918 1418 3982 quadrifariam
1438 3919 1621 3981 piloso,
1646 3919 1779 3968 foliis
1802 3919 2104 3983 pinnatifidis
2123 3921 2561 3986 pinnatipartitisx·e
2620 3939 2624 3943 >

394 4075 411 4128 ζ
423 4085 434 4117 ι
457 4088 463 4102 ¹
492 4075 622 4117 Doleo
641 4071 747 4114 mihi
770 4083 857 4114 non
877 4071 1013 4115 visam
1034 4073 1220 4127 primam
1241 4073 1324 4116 eel.
1348 4075 1439 4115 Bun
1500 4074 1512 4115 i
1532 4072 1888 4117 dissertationem
1907 4073 1963 4117 de
1981 4073 2285 4118 Pediculnride
2305 4076 2561 4120 vei-ticinus

340 4127 806 4236 ‹tiulaesgiimmerntione
842 4126 1089 4182 specierum
1122 4125 1324 4180 generis;
1355 4126 1443 4172 libe
1481 4137 1554 4171 um
1593 4128 1637 4174 in
1693 4127 1971 4174 bibliothecis
2005 4127 2362 4186 Lwidinensibus
2400 4129 2560 4174 trustra
