2808 4538
292 297 596 341 memus.
689 261 1581 338 SCROPHULARIACEAE
1629 271 1885 361 (moron
1905 273 2143 335 BENTH.
2162 275 2205 364 ).
2387 276 2515 346 451

361 410 498 446 ccmo
533 397 805 444 tomentoso
840 387 976 444 laxo,
1013 383 1198 449 calycis
1230 386 1494 450 segmentis
1524 379 1809 436 lanceolatis
1845 386 2020 446 acutis,
2055 390 2255 440 corolla
2274 389 2523 456 ampliatas

364 462 650 512 ventricosae
676 454 873 508 laciniis
895 450 1158 501 latitudine
1186 455 1277 500 sua
1302 452 1623 513 brevioribus,
1656 450 1827 501 infima
1848 451 2134 506 lateralibus
2157 456 2306 522 duplo
2328 459 2520 510 latiore.

362 527 431 590 Ἦ
453 530 505 577 in
537 527 746 590 Europae
778 519 951 571 mediae
979 515 1213 582 lapidosis
1247 519 1483 568 montosis
1512 534 1541 567 a
1564 519 1728 569 Gallia
1748 534 1833 583 per
1858 518 2150 582 Helvetium,
2186 525 2519 586 Germaniam,

363 596 678 658 Hungariam
705 603 858 653 usque
881 586 943 635 ad
965 592 1153 633 montes
1179 585 1317 645 Ural,
1345 600 1436 633 nec
1463 585 1596 634 ultra
1627 589 1691 633 90
1716 583 1872 634 stadia
1893 585 1954 634 ab
1982 585 2082 637 illis
2101 606 2269 640 versus
2292 593 2530 642 orientem

363 663 576 726 amplius
600 658 812 708 videnda
830 653 1021 718 (Patria
1035 651 1082 715 1)
1104 651 1381 700 -Reichb.
1401 653 1625 718 iconogr.
1653 659 1692 701 t.
1710 654 1823 701 159.
1850 651 1912 700 D.
1926 655 2166 720 ambigua
2180 657 2338 707 Murr.
2354 659 2521 723 prodr.

365 727 418 776 ss.
445 731 587 793 goett.
625 742 675 791 p.
715 727 796 772 62.
823 717 988 772 Lindl.
1011 734 1145 766 mon.
1175 724 1213 766 t.
1246 720 1297 764 7.
1324 718 1435 767 Bot.
1458 734 1564 783 reg.
1591 725 1630 767 t.
1656 719 1738 767 64.
1773 717 1840 767 D.
1864 719 1997 769 lutea
2019 722 2146 771 Poll.
2167 724 2321 787 palat.
2346 742 2402 775 n.
2428 729 2527 775 599

365 810 468 843 nou
487 794 634 843 Linn.
655 792 719 841 D.
743 786 1032 840 ocbroleuca
1048 784 1356 846 Jacq.1hort.
1372 785 1508 833 vind.
1525 787 1571 835 1.
1596 792 1635 834 t.
1649 787 1707 832 67
1721 821 1733 832 .
1750 783 1912 833 Lindl.
1930 803 2064 836 mon.
2079 795 2118 837 t.
2145 793 2193 838 8.
2217 791 2530 842 Reichb.ico-

367 868 575 975 ”9³33
600 863 717 937 ¹5⁰·
741 857 815 971 Β..
837 850 1631 969 ‘123⁶‘ffial'33btffidsdjfisff
1660 851 2532 978 ¹⁹...{⁰?.{.H3‘¹’z¹·31·1¹‚'³³³31¹³⁸·21{ff.

369 928 975 1058 lssalinisoeoldzsffitfsaepe
990 984 1193 1033 omnino
1217 983 1369 1033 deest.
1383 933 1690 1034 Raoemnslzrt
1706 985 1893 1034 corolla
1914 937 2192 1050 pubglbrsevi
2213 941 2420 1042 inSscosga.
2440 997 2532 1046 Co-

371 1062 509 1110 rolloe
531 1061 615 1112 vix
637 1054 1055 1120 sesquipollicares
1069 1052 1205 1100 intus
1222 1051 1493 1100 reticulatus
1510 1051 1831 1110 ochroleucoe,
1853 1053 2034 1103 lacinia
2052 1057 2297 1121 superiore
2318 1061 2532 1112 obtusis-

373 1128 500 1177 sima
518 1128 595 1177 vel
615 1126 796 1182 retusa,
821 1119 1139 1170 inferioribus
1163 1118 1556 1182 triangularibus
1578 1120 1736 1168 acutis
1759 1119 1835 1168 vel
1859 1121 2062 1171 obtusis.
2090 1124 2158 1188 (v.
2184 1129 2249 1188 s.)

435 1210 479 1258 s.
519 1211 583 1260 D.
617 1213 868 1271 [aseneum
888 1201 1098 1252 Waldst.
1127 1207 1176 1250 et
1197 1201 1300 1250 Kit.
1327 1203 1397 1264 pl.
1423 1200 1585 1268 hung.
1614 1218 1663 1267 p.
1705 1201 1821 1250 304.
1849 1208 1886 1250 t.
1922 1204 2038 1254 274.
2065 1205 2266 1258 Reichb.
2306 1210 2532 1278 iconogr.

506 1283 545 1326 t.
584 1278 677 1325 158
701 1271 896 1321 videtur
918 1269 1138 1333 (docente
1169 1267 1407 1332 Meyero)‚
1444 1267 1656 1332 hybrida
1686 1268 1814 1317 inter
1833 1268 1899 1318 D.
1925 1272 2278 1335 grandiflorar'n
2301 1285 2350 1326 et
2371 1278 2434 1326 D.
2461 1281 2535 1328 la·

503 1350 670 1391 natam
707 1340 783 1389 vel
829 1335 1226 1400 D.‚1oevigatam.
1261 1335 1320 1382 D.
1355 1339 1486 1396 fuleo
1516 1335 1681 1385 Lindl.
1714 1349 1940 1401 monogr.
1990 1353 2040 1401 p.
2076 1340 2157 1388 15.
2192 1347 2231 1390 t.
2258 1345 2306 1390 9.
2329 1343 2532 1394 Reium),

508 1411 729 1474 iconogr.
758 1414 796 1454 t.
821 1407 935 1464 157,
961 1401 1174 1465 hybrida
1206 1400 1386 1450 dicitur
1408 1402 1535 1451 inter
1558 1402 1621 1451 D.
1655 1401 2007 1466 grandifloram
2037 1411 2084 1452 et
2119 1404 2183 1455 D.
2220 1423 2533 1473 purpuream,

507 1479 568 1523 D.
609 1478 866 1524 erubescam
892 1470 996 1519 Ait.
1023 1468 1154 1517 hort.
1187 1468 1312 1517 kev.
1353 1467 1431 1517 ed.
1464 1471 1515 1516 2.
1541 1483 1590 1516 v.
1616 1470 1667 1516 4.
1696 1484 1744 1532 p.
1773 1471 1857 1527 29,
1882 1471 2215 1520 verisimiliter
2231 1474 2296 1522 ad
2317 1476 2537 1527 eamdem

510 1543 682 1592 “riom
718 1536 1038 1604 hybridam
1067 1534 1293 1598 pertinet.
1329 1535 1510 1584 Confer
1537 1535 1684 1584 etiam
1708 1535 1937 1585 Henslov
1960 1537 2014 1585 iu
2037 1543 2190 1587 trans.
2219 1542 2381 1590 camb.
2410 1544 2533 1607 phil.

516 1625 617 1658 soc.
639 1624 689 1656 v.
716 1608 767 1656 4.
794 1621 844 1669 p.
873 1606 991 1652 257.
1024 1610 1060 1650 t.
1092 1602 1267 1651 15-18.

266 1695 396 1742 ΑΙ.
436 1692 501 1740 D.
538 1702 836 1741 nummata
860 1686 1049 1750 (Linn.l
1076 1699 1202 1749 spec.
1235 1701 1284 1749 p.
1322 1685 1461 1746 867),
1493 1684 1626 1733 foliis
1656 1683 2101 1736 ovato-lanceolatis
2129 1689 2414 1755 oblongisve
2434 1707 2539 1742 cre-

382 1760 510 1808 natis
535 1758 733 1823 rugosis
762 1755 935 1804 subtus
961 1753 1039 1803 vel
1068 1752 1297 1814 utrinque
1324 1752 1560 1814 cauleque
1585 1752 1867 1801 tomentosis
1892 1753 2147 1815 lanatisve,
2181 1771 2375 1807 racemo
2392 1759 2546 1824 longo

383 1828 512 1886 laxo,
540 1824 724 1889 calyeis
755 1820 1019 1887 segmentis
1041 1819 1198 1868 ovatis
1220 1817 1523 1882 oblongisve,
1551 1818 1748 1867 corollas
1772 1818 2019 1882 ampliata
2044 1831 2250 1886 superne
2274 1837 2540 1889 campanu-

383 1895 497 1942 latae
535 1892 728 1940 laciniis
762 1887 1022 1937 latitudine
1057 1888 1148 1933 sua
1182 1884 1489 1934 brevioribus
1521 1885 1707 1933 obtusis
1745 1885 1917 1934 infima
1948 1902 2094 1950 quam
2125 1889 2347 1940 laterales
2384 1893 2545 1943 multo

382 1960 620 2023 longiore.
644 1953 718 2026 (Ι)
739 1951 931 2018 νοῑᾚῗ
955 1955 1008 2002 in
1025 1951 1219 2016 Europa
1238 1951 1614 2012 occidentali,in
1638 1950 1844 2016 Anglia,
1859 1953 2042 2012 Gallia,
2066 1955 2306 2020 Hispania
2333 1958 2540 2020 (Boissd

383 2025 570 2074 Durieu
602 2028 698 2073 253
718 2024 730 2069 1
754 2023 773 2085 )
794 2056 806 2078 ,
838 2020 1104 2071 Germania
1125 2018 1412 2068 occidentali
1444 2055 1455 2075 ‚
1474 2018 1724 2078 Helvetia,
1743 2019 2227 2084 Corsicfi(Thomas!
2250 2026 2294 2086 ),
2318 2024 2547 2075 Sardinia

386 2095 402 2144 ί
412 2091 591 2141 Moris!
611 2094 706 2150 >--
723 2087 909 2137 Lindm
931 2100 1160 2150 monogr.
1188 2091 1225 2133 t.
1254 2088 1302 2132 2.
1326 2085 1475 2148 Engl.
1498 2085 1598 2133 bot.
1619 2091 1655 2132 t.
1689 2086 1834 2134 1297.
1856 2084 1933 2134 Fl.
1963 2086 2078 2136 dan.
2105 2095 2142 2137 t.
2172 2091 2254 2138 74.
2274 2085 2338 2139 D.
2361 2099 2546 2142 tomen-

383 2148 488 2208 tnsa
509 2155 641 2208 Link
660 2163 709 2204 et
740 2153 925 2204 Hoffm.
953 2153 1007 2201 fl.
1035 2159 1164 2216 port.
1193 2163 1241 2215 p.
1275 2153 1390 2199 220.
1422 2159 1459 2199 t.
1488 2153 1553 2198 29
1578 2165 1642 2199 ex
1664 2151 1822 2200 Boiss.
1859 2151 2025 2203 Herba
2061 2156 2380 2220 1-5-pedalis.
2403 2158 2544 2209 Folia

385 2226 624 2275 radicalia
641 2225 788 2287 longe
803 2221 1036 2286 petiolata
1053 2253 1066 2279 ‚
1088 2219 1284 2267 caulina
1307 2218 1416 2265 basi
1439 2224 1704 2283 angustata
1725 2219 2007 2269 subsessilia
2030 2223 2108 2271 vel
2128 2222 2364 2274 inferiora
2390 2226 2548 2290 petio·

385 2293 488 2341 lata
510 2327 522 2349 ‚
544 2291 706 2341 rarius
717 2287 1218 2352 semiamplexicaulia
1231 2285 1308 2335 vel
1330 2287 1540 2334 breviter
1553 2285 1879 2335 decurrentia.
1893 2287 2130 2338 Racemus
2146 2306 2272 2355 saepe
2289 2293 2544 2356 bipedalis.

383 2360 604 2409 Bracteue
620 2355 853 2423 pedicello
870 2354 1118 2418 longiores
1139 2355 1217 2401 vel
1234 2351 1494 2401 breviores.
1515 2353 1915 2416 Calycislaciniae
1934 2355 2246 2406 foliaceaeM
2258 2360 2347 2407 lin.
2362 2361 2546 2426 longae.

385 2426 582 2477 corona
601 2421 1000 2487 1÷·2-polliearis‚
1013 2434 1258 2484 purpurea
1276 2419 1353 2468 vel
1375 2420 1538 2467 rarius
1548 2419 1677 2478 alba,
1695 2421 1830 2468 intus
1843 2423 2105 2482 maculata,
2124 2423 2300 2488 glabra
2321 2428 2399 2475 vel
2409 2434 2552 2477 extus

387 2493 631 2556 puberula
646 2498 696 2540 et
715 2491 848 2539 intus
863 2488 954 2537 sub
968 2487 1102 2536 labio
1115 2487 1345 2536 inferiore
1361 2486 1479 2549 pilis
1494 2486 1662 2548 paucis
1678 2487 1898 2535 barbata.
1910 2488 2144 2538 Antherae
2161 2491 2367 2556 glabrae.
2394 2497 2461 2557 (v.
2476 2495 2549 2557 v.)

325 2576 406 2625 12.
443 2573 509 2622 D.
551 2574 764 2622 Tuam!
789 2571 956 2635 (Linn.
985 2584 1113 2633 spec.
1149 2584 1198 2632 p.
1228 2570 1365 2629 867),
1394 2566 1528 2617 foliis
1548 2567 1999 2620 ovato-lanceolatis
2028 2572 2316 2638 oblongisve
2343 2576 2555 2625 crenatis

387 2641 584 2705 rugosis
611 2638 842 2701 utrinque
871 2636 1155 2685 tomentosis
1180 2635 1422 2684 lanatisve
1451 2633 1662 2682 caulinis
1682 2635 1927 2749 plerisque
1950 2637 2331 2701 decurrentibus,
2362 2658 2554 2693 racemo

387 2709 522 2766 laxo,
550 2707 735 2771 calyois
765 2704 1030 2768 segmentis
1053 2703 1209 2752 oratis
1229 2700 1533 2766 oblongisve,
1568 2715 1681 2749 coro
1725 2717 1766 2749 ω
1789 2703 2035 2767 ampliatae
2060 2720 2265 2769 superne
2287 2720 2552 2773 campanu-

390 2775 505 2822 latae
523 2772 720 2821 laciniis
745 2769 1008 2821 latitudine
1038 2772 1128 2818 sua
1149 2769 1470 2826 brevioribus,
1502 2767 1670 2815 infima
1700 2783 1848 2831 quam
1872 2771 2095 2819 laterales
2123 2774 2280 2821 multo
2308 2774 2550 2839 longiore.

391 2837 527 2905 2Cin
545 2840 798 2904 Hispanias
820 2837 1011 2900 centn(
1033 2835 1179 2898 Lagi
1208 2835 1371 2884 Reum
1398 2835 1453 2883 in
1473 2834 1527 2881 h.
1548 2833 1649 2882 DC.
1671 2835 1758 2897 >et
1781 2836 2049 2886 Lusitaniae
2063 2840 2312 2888 montibus
2330 2840 2556 2906 frequens

391 2907 602 2966 videtur,
627 2905 777 2956 etiam
800 2905 854 2953 in
877 2903 1080 2954 Etruria
1102 2900 1625 2951 indicatur—undu
1640 2915 1867 2968 monogr.
1889 2909 1926 2951 t.
1952 2907 1982 2952 3
2008 2912 2057 2952 et
2074 2906 2124 2952 4.
2151 2904 2274 2954 Sm.l
2292 2914 2423 2956 exot.
2447 2909 2549 2960 bot.

393 2983 432 3023 t.
457 2975 543 3022 43.
568 2973 634 3021 D.
664 2978 937 3022 tomentosa
964 2969 1093 3019 Link
1109 2975 1159 3018 et
1184 2968 1368 3017 Hoffm.
1394 2967 1447 3016 fl.
1473 2973 1603 3031 port.
1628 2983 1679 3029 p.
1707 2972 1824 3017 220.
1856 2976 1895 3019 t.
1926 2973 2012 3019 29.
2031 2972 2142 3020 Bot.
2168 2986 2306 3038 mag.
2327 2980 2364 3023 t.
2398 2976 2549 3025 2194.

393 3040 585 3105 Species
609 3055 638 3088 a
660 3039 723 3087 D.
753 3040 993 3102 purpurea
1010 3036 1335 3099 distinguitur
1357 3037 1547 3084 statura
1566 3034 1780 3097 minore,
1808 3036 1941 3085 foliis
1962 3038 2076 3101 plus
2105 3039 2271 3088 minus
2298 3040 2556 3092 decurren-

394 3108 527 3156 tibus
558 3107 717 3169 magis
740 3104 1024 3154 tomentosis
1046 3101 1294 3166 pedioellis
1313 3101 1640 3166 longioribus,
1667 3102 1750 3151 sed
1768 3104 2033 3165 specimina
2044 3116 2155 3167 quas
2168 3104 2269 3155 vidi
2289 3115 2366 3157 sat
2386 3122 2555 3159 nnme-

393 3189 508 3223 rosa
525 3174 580 3222 in
603 3172 832 3222 omnibus
854 3171 930 3219 his
947 3169 1310 3218 characteribus
1333 3169 1529 3218 variant
1552 3175 1602 3217 et
1621 3169 1835 3232 plurima
1854 3171 2028 3220 formis
2050 3173 2320 3222 nonnullis.
2348 3174 2413 3224 D.
2439 3192 2557 3241 pur-

398 3256 560 3305 purea».
577 3255 704 3289 veroe
723 3240 796 3287 ita
817 3236 1222 3301 approximantur
1250 3242 1308 3285 ut
1326 3250 1496 3285 vereor
1517 3250 1580 3284 ne
1607 3236 1673 3283 sit
1697 3235 1849 3300 hujus
1872 3252 2006 3293 mera
2027 3240 2236 3289 varietas
2260 3241 2350 3306 (1).
2372 3244 2447 3306 (v.
2477 3247 2557 3308 s.)

333 3327 412 3374 13.
451 3325 520 3373 D.
546 3324 812 3373 Mutuus
838 3320 1012 3384 (Boias.
1035 3334 1146 3383 voy.
1171 3320 1288 3383 Esp.
1311 3336 1361 3384 p.
1392 3321 1511 3368 416.
1547 3326 1585 3368 t.
1627 3320 1722 3367 126
1746 3320 1831 3384 A),
1858 3320 1993 3370 foliis
2015 3323 2257 3387 petiolatis
2280 3326 2439 3376 ovatis
2461 3344 2560 3378 cre-

397 3392 529 3441 natis
553 3391 784 3453 utrinque
818 3388 1242 3436 cano-tomentosis
1268 3388 1519 3449 pannosis,
1544 3400 1735 3436 racemo
1756 3388 1907 3453 longo
1925 3389 2058 3448 laxo,
2084 3391 2291 3441 bracteis
2312 3409 2554 3457 squamae·

398 3458 639 3507 sormibus
680 3455 1040 3514 minutissimis,
1076 3453 1262 3517 calycis
1288 3454 1551 3518 segmentis
1578 3452 2021 3505 romndato-oiratis
2046 3459 2232 3507 obtusis
2254 3463 2560 3512 mucronatis

399 3527 535 3589 apice
550 3525 732 3588 patulis
751 3558 764 3581 ‚
794 3522 993 3571 corollae
1007 3520 1254 3583 ampliatoe
1278 3535 1487 3584 superne
1503 3522 1857 3584 campanulatae
1870 3524 2164 3573 verticaliter
2175 3526 2557 3593 subcompressae

397 3592 595 3641 laciniis
631 3590 892 3640 latitudine
925 3592 1017 3637 sua
1038 3588 1342 3636 brevioribus
1373 3586 1542 3635 infima
1568 3588 1854 3636 lateralibus
1872 3590 2029 3638 multo
2051 3591 2254 3654 majore.
2279 3588 2348 3658 26
2370 3596 2422 3644 in
2444 3596 2556 3644 His-

399 3660 560 3723 paniae
583 3658 832 3707 montibus
852 3656 1016 3705 Sierra
1040 3654 1244 3703 Morene.
1265 3655 1362 3718 leg.
1389 3653 1620 3702 Boissier.
1645 3654 1823 3702 Affinis
1846 3656 1908 3704 D.
1933 3672 2206 3721 purpureae.
2231 3658 2369 3709 Folia
2387 3664 2555 3712 omnia

401 3726 648 3790 petiolata.
671 3722 902 3772 Pedicelli
924 3722 1090 3785 calyce
1112 3721 1262 3784 duplo
1285 3720 1552 3785 longiores.
1576 3721 1772 3771 Corolia
1793 3736 1947 3779 rosea,
1968 3725 2102 3772 intus
2123 3728 2387 3776 maculata.

341 3808 440 3858 14?
489 3807 553 3856 D.
593 3819 773 3855 maon
804 3804 1014 3866 (Linn.!
1043 3811 1197 3852 mant.
1233 3820 1281 3866 p.
1333 3806 1427 3851 567
1454 3804 1473 3865 )
1502 3839 1514 3863 ,
1550 3804 1681 3852 foliis
1716 3803 1960 3868 plerisque
1994 3806 2294 3857 radicalibus
2340 3814 2556 3863 recurvis

401 3874 689 3924 lanceolatis
710 3871 872 3935 planis
886 3870 1215 3929 denticulatis,
1237 3884 1429 3919 racemo
1450 3870 1717 3934 pauoifloro
1730 3871 1862 3928 laxo,
1886 3873 2071 3936 calycis
2090 3877 2351 3937 segmentis
2369 3878 2560 3928 lanceo-

403 3941 518 3990 latis
554 3940 858 4002 oblongisve‚
898 3937 1096 3986 corollas
1132 3950 1336 4000 superne
1359 3938 1808 4000 subcampannlatae
1843 3938 2037 3987 laciniis
2077 3941 2354 3990 rotundatis
2388 3944 2560 3993 infima

403 4007 539 4071 apice
559 4006 735 4055 latiore
767 4005 994 4053 laterales
1018 4018 1192 4068 parum
1217 4010 1492 4066 superante.
1524 4000 1593 4065 26
1622 4005 1675 4051 in
1701 4004 1977 4067 Hispania?
2002 4004 2242 4056 —Lindl.
2278 4023 2411 4057 mon.
2439 4017 2476 4057 t.
2504 4014 2555 4066 5,

403 4078 454 4123 6.
479 4074 590 4123 Bot.
616 4086 752 4135 mag.
778 4076 816 4118 t.
843 4071 992 4118 2160.
1026 4070 1216 4132 Species
1233 4071 1354 4117 mihi
1377 4070 1584 4118 nonnisi
1604 4084 1630 4119 e
1647 4070 2045 4134 specim.mancis
2062 4070 2373 4122 hortensibus
2394 4080 2443 4122 et
2462 4074 2563 4123 ico-

418 4231 537 4283 1)1c.
557 4228 600 4271 ss.
624 4236 737 4283 port.
758 4236 890 4283 quem
909 4238 998 4269 non
1018 4226 1127 4270 vidit
1142 4226 1198 4269 cl.
1219 4233 1369 4269 auctor
1389 4225 1549 4268 similis
1568 4225 1676 4268 mihi
1714 4222 1888 4271 videtur
1918 4227 2235 4284 speciminibus
2264 4226 2504 4271 corsicanis
2520 4234 2566 4272 et

340 4232 514 4344 gallicis
534 4292 634 4339 quse
652 4281 707 4325 ad
725 4283 774 4326 1).
797 4290 1062 4338 purpuream
1079 4280 1125 4325 in
1146 4280 1270 4326 herb.
1291 4285 1443 4325 nostro
1458 4280 1621 4325 retulit.
1644 4282 1661 4335 (
1684 4280 1808 4338 Alph.
1830 4284 1908 4327 Dc,
1927 4283 1947 4339 )
