2808 4538
206 255 463 294 mm.
593 228 1476 295 SCROPHULARIACEAE
1524 229 1766 317 (mm-0..
1787 242 2008 296 Bmm
2038 234 2078 320 ).
2310 237 2444 302 269

275 342 352 391 vel
379 341 541 391 ovatis
577 343 812 407 oppositis
834 342 1168 407 superioribus
1193 343 1567 391 ovato-hastatis
1597 342 1800 390 alternis
1817 377 1830 401 ,
1867 343 2121 406 pedicellis
2156 347 2450 397 axillaribus

275 409 398 456 folio
426 410 591 458 multo
614 411 925 474 longioribus
944 445 957 469 ,
981 411 1166 474 calyois
1196 410 1460 473 segmentis
1496 409 1764 457 linearibus
1804 412 2119 460 acutissimis.
2148 409 2288 479 (Diu
2319 416 2448 463 arvis

275 474 575 538 incultisque
589 477 1197 541 regionisMediterraneae,
1212 476 1260 523 in
1278 477 1371 524 ins.
1393 475 1753 533 Stoechadibus,
1766 474 1982 536 Corsica,
2003 477 2245 538 Sardinia,
2265 480 2451 539 Sicilia,

277 542 505 600 Graecia,
548 542 695 591 Isti-ia
720 544 834 603 (ubi
878 544 980 606 ipse
1021 544 1171 606 legi),
1206 543 1411 606 Algeria
1443 543 1630 604 (Bovel
1653 543 1699 606 )‚
1735 549 1785 590 et
1815 543 1868 590 in
1907 544 2003 591 ins.
2049 545 2446 595 Canariensibus.

278 609 389 656 Lin.
416 609 603 657 elatine
622 610 795 659 d'Urv.
822 625 987 657 enum.
1015 610 1067 657 in
1089 625 1234 658 mem.
1263 625 1360 657 soc.
1389 610 1536 657 Linn.
1561 626 1664 672 par.
1699 609 1745 656 1.
1768 625 1818 672 p.
1845 614 1943 658 330
1964 618 2013 658 et
2035 620 2165 660 auct.
2191 614 2320 676 plur.
2349 630 2449 662 non

276 675 408 722 Mill.
454 676 683 724 Antirrh.
744 692 961 740 graecum
990 676 1123 739 Bory
1156 683 1205 724 et
1233 675 1424 724 Chaub.
1468 676 1638 737 exped.
1683 690 1806 722 mor.
1854 677 1954 725 bot.
2002 694 2052 740 p.
2099 681 2211 727 175.
2265 686 2303 727 t.
2361 682 2447 729 21.

278 741 476 804 Species
514 741 631 791 hinc
659 743 716 790 L.
744 743 913 791 elatini
940 743 1054 789 hino
1095 742 1154 791 L.
1182 742 1415 790 cirrhosae
1433 741 1645 802 affines,
1674 742 1735 789 ab
1766 741 1855 789 illa
1882 745 2057 806 sepalis
2090 746 2453 810 angustissimis

281 807 347 855 ab
370 808 466 856 hac
490 806 623 856 foliis
650 808 912 858 latioribus
935 808 1114 869 differt,
1140 810 1201 856 ab
1226 811 1433 870 utraque
1464 808 1648 856 corolla
1678 824 1826 870 quam
1842 810 1893 857 in
1919 810 1933 857 i
1943 811 2010 857 1Ιῆ
2033 811 2201 876 duplo,
2229 828 2376 875 quam
2399 814 2452 862 in

283 874 341 922 L.
372 873 596 923 cirrhosa
617 876 821 940 3-4-p10
844 875 1031 939 majore
1052 875 1195 922 facile
1221 875 1546 938 distinguitur
1580 879 1646 937 (v.
1671 883 1753 935 s.j.

127 1007 151 1024 a
168 973 300 1020 ³14.
338 972 399 1020 1..
439 985 720 1022 elmosa
745 974 944 1035 (Willd.
985 988 1150 1022 enum.
1193 974 1328 1022 hort.
1362 973 1517 1021 berol.
1554 989 1602 1037 p.
1646 975 1759 1020 689.
1798 973 1949 1022 Chav.
1975 976 1986 1021 Ξ
2015 991 2150 1024 mon.
2190 993 2239 1040 p.
2259 1033 2265 1038 ς
2292 977 2453 1041 109),

281 1039 458 1102 pilosa,
485 1040 784 1103 gracillima,
808 1040 941 1089 foliis
962 1041 1163 1089 alternis
1181 1040 1466 1088 lanoeolatis
1484 1039 1707 1100 hastatis,
1731 1039 1980 1102 pedicellis
1999 1041 2122 1090 solio
2144 1042 2458 1106 longioribus

284 1105 469 1168 passim
489 1107 924 1165 cirrhesceutibus‚
951 1107 1135 1170 calyeis
1158 1107 1421 1171 segmentis
1449 1106 1932 1154 lineari-lanceolatis
1954 1109 2130 1156 acutis.
2156 1106 2227 1177 ΕΙ)
2250 1110 2302 1157 iu
2326 1111 2456 1159 arvis

283 1172 503 1235 regionis
520 1173 884 1222 Mediterraneae
897 1173 1229 1229 occidentalis,
1247 1174 1299 1221 in
1319 1173 1483 1222 Gallia
1498 1173 1702 1221 australi
1719 1173 1850 1220 circa
1860 1173 2097 1234 Selonem,
2115 1176 2212 1223 ins.
2235 1176 2454 1225 Stoecha·

284 1239 463 1297 dibus,
493 1239 717 1301 Corsica,
745 1241 989 1299 Sardinia,
1018 1241 1207 1299 lechiti,
1231 1241 1329 1288 ins.
1362 1239 1632 1288 Balearicis
1661 1247 1709 1288 et
1733 1239 2045 1288 Gibraltarioe
2067 1243 2393 1302 (Broussonet
2409 1244 2448 1306 ).

284 1306 518 1354 Antirrh.
542 1307 815 1355 cirrhosum
830 1307 977 1356 Linu.
999 1313 1155 1354 mant.
1184 1322 1230 1369 p.
1253 1309 1369 1354 249.
1390 1306 1534 1368 Jaeq.
1561 1306 1689 1354 hort.
1715 1305 1910 1354 vindob.
1938 1309 1983 1354 l.
2003 1313 2037 1354 t.
2060 1310 2140 1355 82.
2164 1309 2359 1357 Elatiae
2381 1316 2449 1357 te-

284 1372 400 1420 nuis
422 1372 622 1421 Moench
643 1374 795 1422 meth.
827 1375 875 1422 A
898 1374 956 1422 L.
982 1374 1162 1421 elatine
1184 1372 1346 1421 differt
1366 1372 1541 1420 habitu
1563 1373 1859 1436 gracillimo,
1888 1373 2019 1428 soliis
2048 1376 2272 1437 angustis
2295 1383 2345 1424 et
2368 1375 2459 1424 flo-

284 1440 424 1486 ribus
446 1440 607 1487 multo
628 1441 919 1499 minoribus,
948 1448 993 1488 et
1018 1440 1192 1503 soepius
1215 1439 1435 1503 glabrior
1452 1446 1539 1487 est.
1569 1440 1798 1487 Pedicelli
1823 1439 2097 1501 capillares.
2123 1442 2321 1489 Corolla
2342 1457 2453 1490 cum

282 1507 481 1554 calcare
505 1508 566 1567 2}
589 1505 682 1554 liu.
711 1507 877 1570 longa,
903 1507 1238 1564 coerulesecns,
1264 1506 1429 1568 palato
1453 1506 1622 1554 albido
1643 1513 2149 1569 purpureo-punctam
2167 1509 2233 1569 (v.
2266 1508 2348 1569 s.).

224 1590 303 1636 15.
344 1589 402 1637 I..
442 1602 828 1638 Ansxnaeroma
858 1590 1081 1653 (Spreng.
1121 1597 1242 1653 syst.
1274 1593 1322 1636 2.
1358 1606 1407 1652 p.
1448 1591 1564 1636 792.
1597 1588 1779 1636 Chav.!
1823 1603 1957 1635 mon.
2000 1605 2047 1652 p.
2092 1590 2210 1646 1105
2228 1628 2239 1648 ,
2283 1591 2455 1653 pubes-

286 1671 420 1713 cens,
449 1655 585 1704 soliis
608 1656 915 1720 longiuscule
937 1656 1179 1718 petiolatis
1200 1658 1355 1704 ovatis
1377 1655 1590 1703 cordatis
1611 1657 1690 1703 vel
1709 1653 2100 1714 ovato-hastatis,
2127 1655 2458 1719 integerrimis

288 1722 367 1770 vel
387 1722 707 1770 inferioribus
725 1723 958 1787 oppositis
982 1724 1083 1771 basi
1114 1722 1496 1785 paucidentatis,
1522 1722 1773 1785 pedicellis
1798 1723 1966 1782 calyce
1989 1729 2039 1771 et
2064 1723 2244 1785 petiolo
2266 1725 2456 1772 brevio-

287 1790 446 1845 ribus,
476 1789 661 1852 calycis
695 1790 957 1853 segmentis
992 1788 1480 1837 lineari-lanceolatis
1515 1789 1826 1836 acutissimis.
1862 1784 1933 1857 ΕΙ)
1972 1788 2024 1836 in
2059 1788 2286 1837 Sardinia
2322 1796 2371 1838 et
2400 1790 2455 1838 in

289 1855 470 1902 insulis
495 1855 621 1904 inter
644 1856 918 1905 Sardiniam
937 1861 984 1903 et
1003 1856 1249 1904 Corsicam
1274 1855 1492 1906 {Viviani
1513 1854 1548 1913 Ξ)
1564 1890 1576 1912 ,
1605 1855 1656 1902 in
1690 1855 1875 1904 deserto
1905 1870 2051 1919 prope
2073 1871 2208 1904 mare
2230 1856 2453 1905 Rubrum

294 1921 491 1980 gAoerbi
508 1921 561 1984 l),
585 1922 649 1970 ad
669 1937 903 1970 cacumen
924 1931 1077 1970 mont.
1098 1921 1210 1972 Sidi·
1230 1930 1279 1969 et
1294 1922 1435 1970 Kissr
1457 1922 1523 1982 gS.
1551 1921 1776 1970 Fischer!
1806 1938 1858 1969 n.
1886 1924 2024 1983 204),
2051 1923 2102 1970 iu
2123 1923 2243 1970 Asia
2265 1923 2455 1972 Minore

293 1986 541 2046 (Aue-her!
565 2005 616 2036 n.
647 1991 813 2051 1899).
839 1989 1013 2038 Caules
1036 1989 1635 2037 divaricato-ramosissimi
1657 1987 1880 2051 rigiduli.
1908 1989 2068 2037 Pubes
2090 1989 2248 2037 brevis
2267 1990 2455 2038 subvis-

292 2070 407 2103 cosa
425 2069 553 2117 saepe
574 2071 851 2104 canescens.
877 2056 1017 2104 Folia
1035 2055 1230 2104 demum
1258 2056 1501 2118 glabreta,
1526 2055 1717 2117 petiolis
1744 2070 1870 2118 soepe
1891 2055 2233 2116 subcirrhosis.
2260 2056 2459 2107 Corolla

293 2121 637 2186 magnitudine
662 2122 761 2171 sere
781 2123 838 2172 L.
867 2121 1062 2185 spuriae,
1089 2123 1277 2170 calcare
1298 2128 1430 2169 recto
1455 2122 1521 2184 (v.
1544 2124 1626 2184 s.).

232 2205 315 2252 16.
353 2204 416 2251 L.
452 2200 794 2256 AEGYP‘nAca
819 2206 1001 2264 (Dum.
1034 2220 1196 2253 cours.
1245 2204 1427 2254 cham!
1458 2219 1591 2252 mon.
1627 2221 1675 2268 p.
1717 2204 1873 2267 110),
1904 2203 2249 2266 suffmtioosa,
2281 2207 2457 2269 pubes-

295 2287 441 2329 cens,
489 2273 615 2322 foliis
670 2273 871 2322 alternis
908 2272 1064 2321 ovatis
1109 2272 1184 2319 vel
1234 2272 1683 2321 ovato-lanceolatis
1719 2274 1823 2321 basi
1856 2272 2156 2321 subhastatis
2189 2275 2454 2336 3-5—lobis,

296 2337 552 2401 pedicellis
588 2340 721 2403 apice
764 2338 903 2387 flexis
949 2337 1143 2386 demum
1182 2338 1562 2401 spineseentibus
1604 2339 1719 2388 folio
1756 2339 2090 2403 longioribus,
2123 2340 2307 2403 calycis
2348 2358 2456 2406 seg-

297 2407 479 2455 mentis
519 2406 999 2454 lineari-lanceolatis
1033 2405 1207 2452 acutis.
1247 2404 1280 2468 ᾖ
1309 2405 1361 2452 in
1395 2406 1602 2469 AEgypti
1638 2406 1837 2454 desertis
1879 2422 1910 2453 a
1955 2406 2161 2454 Kahiria
2198 2422 2352 2469 usque
2391 2408 2455 2456 ad

296 2474 606 2535 peninsulam
636 2472 921 2520 Sinaiticam
943 2471 1121 2533 (Bovet
1158 2470 1442 2534 Schimper!
1475 2472 1656 2520 Delile!
1697 2479 1787 2521 etc.
1818 2472 2046 2521 Aucher!
2082 2488 2131 2520 n.
2182 2474 2360 2533 1902),
2398 2470 2480 2523 in'

296 2540 550 2588 montibus
578 2539 858 2602 Cyrenaicis
890 2537 1129 2601 (Viviani)
1168 2565 1233 2575 -
1253 2538 1416 2604 Delile
1452 2537 1502 2585 fl.
1549 2555 1642 2602 aeg.
1674 2543 1721 2586 t.
1750 2541 1833 2586 32.
1869 2539 2094 2587 Antirrh.
2122 2541 2454 2605 aegyptiacum

296 2604 471 2667 Linn.!
536 2621 660 2669 spec.
694 2621 740 2668 p.
789 2604 906 2653 851.
951 2604 1178 2652 Antirrh.
1226 2605 1502 2668 spiuesceus
1535 2605 1648 2652 Viv.
1697 2604 1746 2651 fl.
1785 2605 1889 2666 lyb.
1930 2621 1978 2668 p.
2010 2609 2094 2653 22.
2131 2613 2167 2653 t.
2208 2609 2291 2654 27.
2321 2607 2358 2654 f.
2397 2611 2447 2655 2.

297 2672 410 2721 Lin.
472 2673 749 2736 spinescens
797 2672 904 2734 Spr.
945 2679 1065 2733 syst.
1104 2674 1154 2718 2.
1191 2687 1239 2734 p.
1278 2674 1394 2717 789.
1445 2671 1619 2721 Caules
1654 2672 1821 2719 breves
1857 2673 2450 2729 tortuoso-ramosissimi,

298 2740 450 2789 ramis
474 2739 757 2788 divaricatis
781 2738 971 2786 diffusis
992 2737 1179 2802 rigidis.
1205 2737 1347 2785 Folia
1359 2753 1528 2800 parva,
1556 2738 1681 2801 pube
1703 2737 1990 2786 tenuissima
2007 2739 2329 2787 canescentia.
2355 2740 2449 2790 Co·

300 2807 427 2854 rolla
450 2805 794 2870 magnitudine
811 2805 867 2853 L.
895 2805 1073 2867 spuriae
1098 2804 1165 2867 (v.
1201 2805 1284 2865 s.).

238 2887 316 2934 17.
342 2888 401 2937 L.
424 2900 735 2936 racrlcosA
754 2886 910 2949 (Desf.
936 2885 987 2932 fl.
1014 2885 1102 2934 etl.
1131 2890 1181 2933 2.
1208 2886 1276 2949 pl.
1301 2889 1385 2933 39.
1414 2892 1451 2933 t.
1477 2888 1589 2934 133.
1618 2885 1770 2934 Chav.
1794 2899 1927 2932 mon.
1957 2901 2005 2948 p.
2038 2887 2170 2944 111³,
2194 2888 2333 2936 caule
2357 2889 2460 2937 suf-

301 2954 541 3003 fruticoso
573 2954 748 3001 villoso
768 2968 980 3010 ramoso,
1007 2952 1138 3001 foliis
1163 2952 1363 3001 alternis
1400 2953 1642 3016 petiolatis
1669 2951 2063 3015 ovato-oblongis
2088 2953 2335 3002 subacutis
2368 2969 2459 3017 pu-

300 3022 616 3070 bescentibus
640 3020 744 3067 basi
774 3035 885 3067 raro
909 3019 1021 3066 uui·
1033 3020 1108 3067 vel
1132 3019 1446 3077 bi-dentatis,
1475 3019 1810 3082 superioribus
1833 3017 2182 3079 integerrimis,
2209 3019 2459 3081 pedicellis

235 3083 239 3086 ’
300 3088 422 3136 folio
444 3087 753 3136 brevioribus
775 3086 964 3144 erectis,
990 3087 1175 3149 calycis
1197 3086 1460 3149 segmentis
1483 3085 1708 3149 angustis
1730 3084 1948 3148 acutis-5
1976 3084 2028 3132 in
2051 3085 2302 3133 Barbariae
2320 3102 2462 3135 mon-

301 3155 435 3202 tibus
457 3153 689 3202 calcareis
710 3169 785 3216 pr.
815 3152 1010 3202 Cassam
1036 3153 1233 3213 (Dess.).
1258 3152 1485 3201 Antirrh.
1521 3152 1811 3201 fruticosum
1841 3150 2009 3201 wind.
2038 3166 2166 3214 spec.
2192 3156 2241 3200 3.
2268 3169 2315 3216 p.
2338 3156 2455 3202 237.

301 3221 604 3270 Praecedenti
628 3235 690 3268 ex
727 3221 791 3267 cl.
830 3219 1084 3268 Chavann.
1111 3218 1288 3277 affinis,
1317 3218 1400 3267 sed
1432 3218 1621 3268 diversa
1655 3217 1902 3281 pedicellis
1934 3217 2255 3278 brevioribus,
2299 3218 2460 3269 forma

302 3289 557 3344 foliorum,
596 3287 779 3335 corolla
802 3286 1007 3350 majore.

440 3402 544 3427 *⁴³*
583 3406 783 3463 Capsula
805 3406 1027 3461 operculis
1056 3405 1423 3460 vctlroesormibus
1454 3403 1704 3448 ‹letzim-ens.
1737 3404 1918 3447 Semina
1950 3398 2253 3448 tuberculum.

240 3504 318 3551 18.
359 3504 418 3552 L.
466 3517 717 3552 ΗΔΒΤΛΤΑ
755 3504 840 3567 (R.
884 3503 991 3551 Bu!
1039 3504 1087 3550 in
1127 3502 1231 3551 salt
1266 3502 1429 3565 abyss.
1480 3503 1640 3565 app.)‚
1682 3502 1883 3565 glabra,
1932 3501 2082 3549 ramis
2126 3501 2457 3563 filisormibuS,

304 3569 445 3618 foliis
479 3569 680 3618 alteruis
713 3570 958 3632 petiolatis
990 3568 1474 3631 lineari-lanceolatis
1511 3570 1615 3616 basi
1656 3568 2165 3631 sagittato-3-5-lobis‚
2211 3569 2460 3632 pedicellis

304 3636 623 3684 filiformibus
662 3637 781 3685 folia
822 3637 1188 3699 superantibus,
1230 3636 1414 3699 calycis
1448 3636 1711 3699 segmentis
1751 3636 2246 3685 lanceolam-setaceis
2281 3637 2462 3685 acutis-

304 3702 463 3757 simis,
490 3704 687 3751 corolla*
710 3701 927 3751 minimae
949 3702 1137 3750 calcare
1165 3702 1284 3749 tubo
1307 3718 1395 3749 suo
1421 3702 1747 3750 subbreviore.
1773 3696 1834 3754 (f-
1852 3700 1873 3747 ἶ)
1901 3703 1951 3749 in
1980 3702 2245 3764 Abysnnia
2273 3703 2456 3765 (Saul),

305 3769 357 3816 iu
398 3785 540 3832 prov.
582 3770 750 3818 Modat
791 3769 1157 3833 (Schimperl).
1203 3768 1259 3817 1..
1291 3769 1541 3832 capillipes
1586 3718 1921 3830 Hochstfflpl.
1977 3769 2139 3831 abyss.
2185 3769 2320 3816 herb.
2372 3785 2458 3817 un.

304 3836 435 3883 itin:
470 3853 522 3884 n.
576 3838 723 3884 1042.
771 3836 948 3884 Affinis
1005 3835 1062 3884 L.
1119 3834 1480 3883 ramosissimoe.
1538 3834 1706 3883 Caulis
1751 3849 1884 3881 nunc
1942 3833 2102 3881 brevis
2147 3836 2457 3893 suberectus,

305 3903 460 3949 ramis
500 3918 633 3950 nunc
672 3903 813 3950 valde
852 3902 1108 3966 elongatis.
1152 3901 1291 3948 Folia
1328 3902 1388 3949 iis
1433 3902 1490 3949 L.
1528 3900 1868 3949 ramosissimae
1899 3902 2203 3963 angustiora,
2241 3901 2465 3964 pedicelli

305 3969 577 4032 longiores,
606 3971 866 4017 tenuiores.
894 3968 1091 4017 Corolla
1113 3969 1292 4015 minor.
1323 3969 1388 4031 [v.
1419 3969 1469 4015 iu
1498 3968 1634 4017 herb.
1659 3983 1788 4015 mus.
1820 3965 1935 4014 brit.
1964 3973 2012 4014 et
2034 3966 2165 4031 DC.)

244 4056 324 4103 19.
364 4056 425 4104 L.
468 4069 726 4106 (numus
763 4058 852 4118 (R.
892 4056 1000 4104 Bm!
1040 4056 1093 4103 in
1130 4056 1236 4104 Salt
1276 4056 1440 4118 abyss.
1479 4057 1654 4121 app.)‚
1692 4054 1896 4118 glabra,
1926 4053 2077 4101 ramis
2117 4055 2358 4119 elongatis
2394 4060 2465 4102 te·-

308 4123 494 4172 nuibus
509 4157 523 4181 ,
569 4124 703 4173 soliis
734 4123 1019 4173 lanceolatis
1058 4123 1165 4171 basi
1203 4122 1479 4170 rotundatis
1519 4123 1597 4171 vel
1641 4120 1956 4171 inferioribus
1999 4119 2466 4183 sagittato-trilobis,
