2808 4538
282 237 415 312 234
730 224 735 230 ⁸
836 234 1237 304 DICOTYL·
1289 258 1402 312 ΞΠ
1447 239 1944 310 EXOEENAE.
2189 247 2192 252 ’
2258 266 2514 308 uuum.

348 350 710 407 ramosissimis,
758 349 1133 415 glauco-caesia,
1179 350 1382 414 glabra,
1421 352 1556 402 soliis
1586 361 1799 418 anguste
1836 354 2107 406 linearibus
2135 353 2512 413 crassiusculis,

412 417 597 467 dioellis
618 417 785 480 calyce
805 417 1110 466 brevioribus
1125 451 1138 475 ‚
1162 417 1347 479 calycis
1367 420 1633 483 segmentis
1652 421 1921 470 linearibus
1938 456 1952 482 ,
1980 424 2174 473 calcare
2196 419 2335 472 tenui
2358 420 2518 470 corol-

374 500 452 533 am
483 485 816 547 subsequante.
837 480 908 552 (f)
929 482 981 532 in
1018 483 1291 532 Lusitanioe
1311 491 1359 532 et
1380 485 1634 549 Hispanias
1658 487 1835 536 medias
1856 497 1906 538 et
1927 490 2240 548 australioris
2265 487 2403 536 srvis
2433 485 2514 535 in·

352 548 498 601 cultis
517 586 529 609 ,
558 550 704 599 etiam
726 550 779 599 in
805 550 951 600 Italia
968 550 1149 598 citatur
1173 549 1256 600 sed
1279 549 1430 600 dubia
1468 552 1609 601 civis.
1631 553 1859 603 Antirrb.
1890 555 2126 618 glaucum
2167 553 2341 608 Linnd
2384 568 2513 617 spec.

353 633 402 680 p.
430 619 546 666 856.
571 617 692 666 Cav.
718 617 782 666 ic.
813 619 860 666 1.
887 623 924 667 t.
952 620 1034 665 33.
1062 615 1099 665 f.
1136 618 1187 664 2.
1214 615 1445 667 Antirrh.
1474 618 1815 683 bipunctatum
1853 620 2025 671 Lina-l
2057 639 2188 687 spec.
2218 638 2269 686 p.
2294 623 2392 668 853
2418 634 2516 668 non

350 683 468 734 Cav.
511 682 739 732 Antirrh.
782 683 1113 748 capitanatum
1146 682 1287 732 Lam.
1316 683 1433 733 dict.
1459 685 1508 734 4.
1530 701 1582 750 p.
1618 688 1736 736 358.
1765 687 1820 736 L.
1845 687 2135 752 bipunctata
2167 689 2323 738 Dum.
2365 685 2521 735 Cours

354 750 458 799 bot.
486 752 535 798 2.
599 786 611 797 .
640 752 722 799 93.
746 777 810 786 —
827 750 1007 799 Planta
1028 750 1226 812 elegans
1242 783 1257 809 ‚
1284 750 1488 814 gracilis
1505 787 1519 810 ,
1544 752 1875 816 semipedalis.
1903 754 2043 806 Folia
2062 754 2318 805 distantia.
2352 752 2520 802 flores

355 816 518 880 pauci.
546 766 744 867 gor-oua
766 815 955 882 adjecto
975 816 1164 865 calcare
1184 816 1275 865 4-5
1300 817 1390 866 lia.
1418 818 1599 884 longa,
1630 820 1763 870 lutea
1784 853 1798 879 ,
1825 820 2016 872 calcare
2039 823 2220 888 sapius
2245 834 2518 886 purpuras·

358 890 496 933 conte
512 883 588 932 vel
613 883 844 933 violaceo.
867 884 935 948 (v.
964 883 1017 934 in
1039 882 1179 930 berb.
1202 881 1329 946 DC.)

204 980 253 1001 ···
292 967 378 1015 94.
415 966 474 1015 L.
511 978 797 1016 santius
821 965 1035 1030 (Hoffm.
1063 972 1111 1014 et
1148 964 1279 1015 Link
1309 964 1364 1014 fl.
1407 974 1538 1031 port.
1567 967 1616 1018 1.
1650 982 1700 1032 p.
1736 971 1855 1018 238.
1880 974 1921 1018 t.
1945 970 2029 1019 40.
2066 969 2244 1021 Cbav.l
2285 983 2522 1034 monogr.

360 1048 409 1096 p.
440 1033 533 1081 167
554 1035 600 1092 ),
631 1033 1110 1098 viscoso-pubescens
1129 1066 1143 1090 ,
1176 1032 1478 1084 adscendens
1507 1035 1583 1084 vel
1605 1039 1793 1094 erecta,
1817 1036 2182 1095 amenissima.
2203 1035 2339 1086 soliis
2361 1035 2520 1084 linea·

360 1099 498 1148 ribus
515 1100 862 1149 lanceolatisve
886 1098 1126 1164 plerisque
1148 1099 1351 1148 alternis
1367 1134 1381 1159 ,
1408 1100 1653 1164 pedioellis
1674 1101 1977 1151 brevissimis
1994 1139 2008 1164 ,
2030 1103 2220 1167 calycis
2249 1099 2519 1168 segmentis

362 1171 573 1231 anguste
593 1166 859 1215 linearibus
892 1166 1076 1225 acutis,
1110 1165 1299 1214 calcare
1336 1168 1523 1215 corolla
1568 1168 1903 1234 sublongiore.
1937 1168 1989 1235 ‘lp
2015 1177 2065 1218 et
2082 1169 2199 1240 (ψ’)
2227 1168 2280 1218 in
2304 1167 2524 1218 arenosis

360 1239 408 1280 et
433 1233 620 1281 saxosis
659 1231 927 1294 Lusitaniae
965 1240 1015 1281 et
1051 1232 1303 1296 Hispanias
1347 1233 1664 1282 occidentalis
1705 1241 1754 1283 et
1803 1234 1996 1283 mediae.
2034 1234 2264 1286 Antirrh.
2316 1234 2523 1283 saxatile

365 1297 533 1350 Linnd
563 1315 692 1363 spec.
715 1314 768 1363 p.
795 1297 909 1347 835.
936 1298 1162 1349 Antii-rh.
1186 1299 1520 1348 Tournesortii
1545 1299 1680 1348 Poir.
1705 1300 1823 1348 dict.
1844 1302 2005 1365 suppl.
2034 1303 2083 1351 4.
2103 1319 2155 1368 p.
2179 1303 2263 1350 24.
2292 1299 2522 1351 Antirrh.

363 1364 727 1429 lagopodioides
756 1365 902 1415 Liun.
932 1365 1003 1414 fil.
1032 1366 1193 1430 suppl.
1218 1381 1267 1429 p.
1301 1369 1401 1415 279
1421 1364 1447 1414 ⁰?
1470 1365 1695 1430 (specim.
1738 1366 1878 1417 adest
1916 1366 1970 1416 in
1993 1367 2135 1419 herb.
2161 1369 2293 1418 Mus.
2320 1368 2438 1417 brit.
2466 1381 2524 1415 ex

365 1432 633 1481 seminibus
662 1431 920 1496 sibiricis).
944 1432 1003 1483 L.
1042 1432 1296 1498 glutinosa
1338 1431 1524 1483 Hoffm.
1552 1440 1602 1482 et
1629 1432 1759 1482 Link
1781 1432 1834 1482 fl.
1864 1440 1993 1498 port.
2021 1436 2070 1484 l.
2117 1451 2169 1500 p.
2213 1436 2331 1484 238.
2372 1440 2412 1483 t.
2439 1437 2524 1482 39.

334 1497 474 1546 ·Lin.
502 1498 689 1548 Perezii
729 1497 868 1563 Gay!
912 1500 966 1548 in
1009 1498 1194 1547 Durieu
1231 1498 1302 1563 pl.
1348 1514 1453 1547 exs-
1496 1499 1675 1549 Planta
1718 1500 2025 1563 semipedalis
2056 1502 2134 1552 vel
2171 1500 2320 1568 paulo
2359 1500 2521 1550 altior.

363 1562 563 1614 Corolia
589 1564 741 1625 flava,
775 1566 1023 1615 maculata
1051 1566 1129 1615 vel
1157 1565 1479 1615 immaculata
1496 1602 1510 1627 ,
1538 1566 1731 1631 adjecto
1754 1566 1942 1616 calcare
1963 1569 2053 1615 5-8
2089 1568 2183 1618 lin.
2207 1568 2386 1634 longa,
2422 1566 2523 1646 cel·-

364 1646 484 1747 carti
497 1632 674 1762 appius
698 1639 838 1762 )recto
858 1632 937 1682 vel
961 1632 1133 1682 leviter
1153 1632 1385 1693 incurvo,
1429 1633 1591 1682 rarius
1621 1640 1841 1683 arcuato.
1870 1634 2068 1687 Semina
2100 1641 2314 1700 anguste
2347 1647 2526 1699 margi-

366 1712 432 1747 na
488 1733 501 1747 .
559 1712 610 1747 v.
635 1713 677 1748 s.
1491 1713 1500 1720 ’

300 1783 382 1828 95.
413 1781 472 1830 L.
496 1795 778 1832 sumum*
805 1781 966 1846 (DC.!
998 1781 1061 1832 ic.
1085 1783 1208 1849 gall.
1235 1799 1335 1833 rar.
1363 1789 1401 1832 t.
1440 1784 1523 1833 14.
1643 1784 1745 1836 am!
1783 1799 2010 1851 monogr.
2040 1800 2091 1851 p.
2138 1785 2291 1848 166),
2317 1783 2526 1837 viscosu-

364 1849 655 1912 pubescens,
688 1848 894 1898 humilis
910 1884 924 1910 ,
950 1847 1313 1910 ramosissima,
1341 1851 1474 1900 foliis
1494 1852 1556 1900 ob
1578 1852 1723 1917 ongis
1761 1852 1834 1901 vel
1858 1852 2190 1918 superioribus
2213 1851 2526 1901 lineari-lan·

365 1914 593 1974 moletia,
618 1914 868 1978 pedicellis
901 1917 1199 1965 brevissimis
1216 1953 1229 1978 ,
1257 1917 1441 1981 calyeis
1466 1919 1730 1984 segmentis
1750 1917 2317 1969 lanceolam-linearibus
2340 1918 2524 1976 acutis,

367 1981 561 2029 corollae
585 1982 804 2030 minimae
830 1982 1019 2031 calcare
1037 1983 1334 2032 abbreviato.
1347 1979 1481 2052 OEin
1502 1986 1718 2034 arenosis
1733 1985 1994 2035 maritimis
2013 1986 2315 2035 Armoraciae
2339 1983 2524 2048 (DC.!).

368 2046 595 2096 Antirrh.
626 2048 894 2112 pubescens
925 2048 1063 2100 Pers.
1084 2064 1194 2113 syn.
1232 2054 1285 2098 2.
1308 2066 1355 2113 p.
1384 2050 1508 2101 157?
1531 2067 1593 2100 ox
1627 2051 1778 2102 chav.
1803 2051 2034 2101 Antirrh.
2074 2052 2356 2101 arenarium
2392 2050 2523 2100 Poir.

370 2111 486 2161 dict.
515 2113 676 2178 suppl.
701 2115 751 2162 4.
774 2129 827 2178 p.
853 2117 937 2164 26.
964 2115 1142 2165 Affinis
1178 2116 1237 2167 L.
1280 2117 1478 2166 saxatili
1515 2117 1597 2166 sed
1627 2119 1784 2168 multo
1809 2119 1970 2168 minor
1995 2124 2045 2169 et
2065 2116 2309 2183 imprimis
2344 2117 2531 2168 diversa

368 2180 557 2229 corolla
579 2179 781 2230 dimidio
803 2181 991 2231 minore
1013 2181 1113 2231 sere
1134 2182 1193 2233 L.
1220 2182 1476 2247 simplicis.
1513 2185 1595 2247 (v.
1624 2185 1676 2234 in
1700 2184 1842 2234 berb.
1866 2185 2004 2249 Dc.)

305 2263 387 2312 96.
411 2260 468 2310 L.
494 2261 810 2313 cannosum
836 2262 1022 2329 (Cbav.
1050 2282 1277 2332 monogr.
1342 2303 1355 2316 .
1382 2268 1507 2330 165)
1526 2302 1539 2327 ,
1581 2268 2080 2333 viscosa-pubesoens‚
2105 2265 2312 2317 humilis
2328 2303 2344 2327 ‚
2368 2282 2522 2316 ramo—

370 2327 564 2379 sissima
579 2366 592 2390 ,
618 2329 753 2380 foliis
774 2331 1007 2397 oblongo-
1035 2332 1113 2383 vel
1136 2341 1303 2384 ovato-
1327 2334 1595 2385 anoeolatis
1613 2335 1865 2386 subacutis
1884 2370 1898 2396 ‚
1923 2335 2177 2399 podioellis
2201 2332 2502 2384 brevissimis
2520 2369 2533 2391 ,

370 2395 556 2459 calyois
579 2397 842 2461 segmentis
861 2398 1019 2449 ovatis
1036 2399 1305 2451 subacutis.
1319 2396 1392 2469 (D
1407 2401 1458 2450 in
1478 2402 1683 2466 rupibus
1700 2402 1964 2453 maritimis
2004 2401 2310 2453 Armoraciae
2342 2398 2528 2479 (Dm).

371 2460 430 2512 L.
463 2463 687 2513 saxatilis
714 2463 840 2514 Dc.!
868 2464 931 2513 io.
960 2467 1085 2532 gall.
1113 2483 1210 2516 rar.
1236 2484 1288 2533 p.
1314 2472 1363 2517 5.
1396 2475 1433 2517 t.
1474 2469 1553 2517 13.
1590 2469 1667 2518 Ex
1707 2469 1972 2534 specimine
2014 2484 2190 2519 manco
2224 2466 2428 2532 quidem
2453 2482 2533 2515 vix

372 2529 434 2576 ab
460 2528 515 2578 L.
553 2528 777 2580 arenaria
805 2530 1013 2582 diversa.
1047 2533 1246 2583 Corolla
1272 2535 1419 2600 paulo
1440 2534 1600 2600 major
1623 2535 1937 2601 bipunotatoe‚
1974 2534 2028 2584 in
2066 2535 2156 2584 ina
2191 2534 2534 2601 impunctata,

372 2594 456 2644 sod
476 2598 656 2661 species
684 2597 852 2648 affines
878 2598 976 2649 sere
996 2614 1165 2650 omnes
1185 2601 1279 2652 boc
1302 2609 1524 2667 resmctu
1543 2602 1755 2652 variant.
1778 2604 1857 2667 (v.
1881 2602 1931 2652 in
1962 2602 2100 2651 herb.
2127 2601 2269 2666 DC.)

307 2676 356 2758 S
373 2679 427 2740 7.
459 2676 818 2758 Diffusae.--
835 2681 1052 2743 Herbae
1065 2682 1313 2745 surculis
1332 2681 1625 2746 sterium
1643 2682 1881 2765 paucis,
1901 2682 2083 2744 ramis
2101 2680 2392 2763 floriferis
2412 2680 2542 2744 basi

389 2755 848 2823 decumbentibus
878 2759 1209 2841 diffusisve,
1257 2762 1615 2844 simplicibus
1659 2764 1752 2826 vel
1793 2761 2245 2834 '‘minimi-s,
2271 2760 2535 2824 brevibus

388 2838 585 2899 rarius
611 2840 1037 2924 subpedalibus.
1068 2842 1241 2904 Folia
1268 2842 1555 2923 inferiora
1575 2858 1632 2904 et
1653 2843 2016 2905 sin-culorum
2056 2841 2380 2906 3-4-natim
2403 2861 2539 2901 ver-

392 2918 674 2995 u'cillata,
700 2921 1010 3004 superiora
1035 2921 1130 2983 vel
1148 2922 1346 2984 rarius
1374 2921 1504 3004 fere
1530 2924 1724 2984 omnia
1750 2923 1999 2985 alterna.
2034 2921 2278 2985 Cor-olla
2304 2921 2466 2983 ultra
2502 2924 2536 2983 lt

400 2999 498 3060 lin.
543 3000 713 3083 {onya
727 3049 744 3076 ,
782 3000 1073 3064 {merchem
1111 3003 1328 3086 mpla.
1378 3003 1616 3066 Semina
1658 3000 2242 3067 amadeo-anema
2286 3001 2380 3064 vel
2403 2999 2540 3063 sub-

398 3079 779 3171 rqm’fmmia,
807 3081 1002 3144 rarius
1031 3085 1340 3166 anqulata,
1372 3083 1988 3167 immarqinata,1esui
2016 3081 2248 3166 ruqosd.
2285 3082 2335 3145 A
2363 3081 2541 3165 Supi-

397 3180 492 3222 ms
520 3162 828 3228 seminibus
857 3163 1118 3226 daber-sce.
1603 3214 1608 3218 .

1261 3245 1287 3272 *
1322 3249 1571 3308 latifoliae.

318 3327 400 3373 97.
430 3322 489 3374 1..
514 3340 769 3378 ιωιτηκι
794 3329 968 3390 (Desf.
992 3328 1169 3379 Chaa!
1190 3344 1419 3394 monogr.
1446 3344 1494 3392 p.
1525 3328 1682 3392 119),
1705 3326 1909 3393 glabra,
1931 3327 2255 3392 procumbens
2273 3362 2286 3387 ,
2311 3325 2540 3377 ramosis-

381 3392 508 3439 sima
523 3426 539 3451 ,
562 3395 693 3443 foliis
715 3396 873 3445 oratis
893 3396 1116 3445 obovatis
1138 3397 1214 3445 vol
1232 3396 1466 3459 oblongis
1488 3394 1789 3444 mucronatis
1806 3430 1819 3454 ‚
1847 3394 2138 3458 pedunculis
2169 3394 2344 3458 calyce
2369 3395 2542 3443 multo-

386 3457 477 3507 ties
503 3460 812 3523 longioribus
829 3498 844 3524 ,
870 3462 1188 3513 inferioribus
1211 3463 1524 3520 axillaribus,
1549 3461 1817 3511 fructiferis
1840 3461 2050 3521 reflexis,
2074 3461 2263 3524 calycis
2285 3456 2547 3525 seg-mentis

384 3524 669 3576 lanceolatis
687 3529 845 3578 acutis
861 3566 874 3590 ‚
901 3531 1093 3579 calcare
1112 3530 1265 3595 longo
1286 3530 1464 3592 gracili
1485 3535 1687 3578 curvato
1704 3563 1717 3588 ,
1743 3527 2012 3577 seminibus
2032 3527 2252 3576 incurvis
2267 3527 2544 3576 reticulato-

385 3591 638 3642 foveolatis
658 3595 743 3643 vix
764 3597 1033 3659 angulatis.
1058 3593 1130 3665 Q]
1147 3597 1199 3645 in
1220 3596 1352 3645 arvis
1373 3595 1554 3646 Tuneti
1577 3630 1591 3653 ‚
1623 3594 1841 3659 algor-im
1855 3631 1869 3655 ‚
1895 3594 2077 3645 Sicilia
2092 3628 2106 3654 ,
2129 3593 2402 3653 Sardiniae,
2424 3592 2542 3643 Gor·

384 3658 524 3716 sicae,
571 3659 728 3711 Italim
766 3663 1119 3714 meridionalis.
1149 3662 1380 3713 Antirrb.
1406 3663 1642 3712 reflexum
1663 3661 1830 3711 Linn.!
1861 3677 1987 3726 spec.
2018 3679 2067 3725 p.
2101 3664 2219 3709 857.
2265 3659 2372 3710 All.
2404 3659 2539 3709 misc.

388 3731 516 3774 taur.
567 3733 605 3776 t.
669 3729 716 3777 1.
762 3729 921 3778 Sibth.
976 3737 1025 3779 ot
1064 3732 1166 3780 Sm.
1212 3729 1266 3779 fl.
1319 3746 1400 3795 gr.
1458 3734 1508 3778 6.
1565 3735 1602 3778 t.
1655 3732 1771 3777 593.
1812 3728 1868 3778 L.
1918 3728 2128 3793 rbegina
2160 3727 2270 3791 Spr.
2320 3732 2446 3791 syst.
2491 3728 2540 3772 2.

386 3808 437 3854 p.
469 3797 583 3842 792.
613 3795 798 3845 Habitu
830 3802 881 3844 et
913 3795 1116 3846 floribus
1156 3796 1402 3847 interdum
1442 3796 1540 3846 sere
1575 3796 1805 3846 omnibus
1847 3795 2142 3845 axillaribus
2177 3793 2361 3844 recedit
2390 3809 2424 3842 a
2459 3807 2543 3841 ca·-

383 3858 503 3907 teris
522 3860 838 3910 Linariastris
853 3896 866 3921 ,
893 3878 1005 3911 eum
1035 3864 1213 3925 quibus
1240 3870 1400 3913 tamen
1423 3863 1650 3913 convenit
1672 3862 1873 3927 capsula
1893 3862 2161 3912 seininibus
2177 3868 2229 3910 et
2259 3859 2394 3910 soliis
2414 3874 2541 3909 cras-

390 3927 637 3975 siuseulis.
668 3927 943 3979 Pedunculi
991 3928 1235 3979 fructiferi
1279 3946 1404 3993 soepe
1448 3930 1774 3994 bipollicares.
1803 3928 2014 3980 Corolloe
2053 3928 2280 3979 coensseae
2309 3926 2427 3977 labii
2461 3942 2537 3974 su·

388 3991 592 4053 perieris
614 3991 806 4042 laciniae
831 3995 1071 4058 elongatoe
1091 4031 1103 4054 ,
1128 3996 1294 4045 calcar
1313 4003 1531 4046 acutum.
1563 3997 1644 4061 (v.
1671 3994 1751 4060 s.)

455 4078 505 4139 β.
542 4079 718 4132 pumim
744 4074 945 4134 (Clmv.!
974 4076 1009 4124 l.
1046 4076 1125 4137 c.)
1145 4110 1158 4134 ‚
1186 4077 1321 4127 soliis
1366 4078 1531 4143 parvis
1559 4078 1736 4129 crassis
1776 4075 1951 4129 acutis.
1998 4077 2056 4129 In
2090 4075 2295 4143 Algoriss
2318 4074 2500 4139 (13on)
2522 4106 2535 4123 ο

520 4139 662 4202 Syria
680 4141 1061 4202 (Labillardibro
1078 4143 1111 4205 ).
