2808 4538
307 264 442 335 420
866 230 1267 330 mcoTYL.
1319 285 1434 330 seu
1477 260 1963 330 ExoGENAE.
2163 285 2503 324 mmm...

377 381 551 430 auctis.
575 374 650 448 (D
668 379 721 427 in
743 376 885 429 India
902 377 1128 426 orientali
1149 376 1376 440 frequens
1421 391 1452 424 a
1478 376 1742 440 peninsula
1766 375 1995 440 (Wightl
2020 375 2162 424 herb.
2187 391 2239 424 n.
2263 377 2389 422 2200
2412 376 2428 433 )
2449 373 2506 421 ad

375 447 638 511 Napaliam
657 449 674 508 (
690 445 861 495 Walm
880 445 931 493 h.
949 444 1095 507 DQ).
1117 442 1341 492 Gratiola
1351 442 1616 506 parviflora
1633 442 1812 492 Roxb.!
1835 443 1903 505 pl.
1925 458 2105 492 corom.
2130 447 2179 491 3.
2203 457 2252 505 p.
2267 446 2315 489 3.
2339 448 2377 489 t.
2397 442 2502 488 204.

373 516 611 578 Bonnaya
631 512 893 575 parviflora
909 510 1108 561 Benth.!
1139 509 1343 573 Scroph.
1369 510 1472 558 ind.
1508 525 1558 572 p.
1585 511 1667 559 34.
1707 508 1753 557 A
1793 510 2042 557 simillima
2067 509 2108 557 1.
2135 508 2329 571 capensi
2351 507 2507 554 distin-

372 582 545 645 guitur
576 579 748 627 habitu
778 578 970 643 gracili,
1003 576 1205 626 floribus
1238 575 1537 632 minoribus,
1567 575 1927 625 filamentorum
1961 576 2235 624 anticorum
2257 588 2389 622 ramo
2410 574 2507 636 gla-

377 649 467 696 bro
484 683 495 705 ‚
522 645 784 695 latitudine
810 645 935 693 rami
954 643 1159 706 majoris
1187 643 1517 691 subbreviore.
1542 643 1559 708 (
1584 658 1630 693 v.
1659 658 1699 691 s.
1733 644 1757 705 )Δ

313 733 361 777 7.
402 729 444 778 Ι.
472 738 906 780 norm-tomorum,
943 723 1145 783 diffusa,
1191 723 1324 772 soliis
1357 723 1606 772 sessilibus
1636 723 1916 772 lato-ovatis
1950 722 2292 772 orbiculatisve
2311 722 2412 770 basi
2443 737 2514 770 ro-

380 794 602 845 tundatis
626 792 1015 847 aubeordafisve,
1048 790 1338 854 pedunculis
1375 791 1695 848 axillaribus,
1738 790 1921 840 corolla
1947 791 2116 853 calyce
2152 788 2387 852 subduplo
2418 788 2514 836 lon·

381 863 543 926 giore,
594 859 854 909 filamentis
894 858 1072 906 anticis
1113 857 1422 920 glandulosis
1469 859 1559 905 sub
1606 857 1740 919 apice
1776 857 1945 905 lobulo
1990 857 2166 920 glabro
2210 855 2518 903 minutissimo

382 928 557 989 auctis,
582 926 783 990 capsula
796 925 1107 989 subglobosfl.
1133 919 1206 990 [1]
1221 925 1274 972 iu
1292 923 1451 972 indiae
1473 924 1724 972 orientalis
1749 923 2212 986 peninsula(Roxb.
2238 921 2401 971 Koen.!
2416 924 2452 980 ),
2473 921 2519 967 in

381 995 613 1058 cessoim,
640 996 694 1042 in
729 992 960 1040 Maur-itio
992 997 1042 1039 et
1065 990 1436 1053 Madagascaris
1457 991 1633 1054 (Bojer
1656 994 1719 1051 Ξ).
1752 990 1977 1038 Gratiola
2012 988 2333 1038 rotundifolia
2365 987 2516 1035 Linn.!

383 1069 542 1112 mant.
567 1077 615 1124 p,
643 1061 756 1107 174.
784 1059 941 1107 Roxb.
978 1059 1046 1121 pl.
1071 1073 1254 1108 corom.
1283 1062 1333 1105 3.
1359 1074 1408 1121 p.
1432 1061 1481 1105 3.
1509 1065 1546 1104 t.
1570 1057 1688 1104 204.
1707 1056 1970 1120 Morgania
1990 1056 2316 1105 rotundisolia
2334 1054 2518 1117 Spreng.

383 1137 505 1193 syst.
540 1130 591 1176 2.
630 1143 681 1190 p.
720 1128 836 1173 803.
870 1125 1109 1187 Bonnaya
1142 1124 1465 1174 rotundifolia
1495 1123 1671 1172 Benth.
1709 1123 1911 1186 Scropb.
1953 1123 2059 1172 ind.
2106 1139 2157 1186 p.
2202 1123 2284 1172 34.
2322 1121 2526 1170 Gratiola

384 1194 685 1259 integi-‘lolia
708 1192 866 1241 Roxb.
893 1190 944 1239 fl.
966 1191 1069 1238 ind.
1094 1191 1171 1238 ed.
1197 1192 1308 1240 Car.
1335 1197 1383 1239 et
1400 1191 1548 1239 Wall.
1572 1191 1618 1237 l.
1645 1207 1693 1254 p.
1716 1191 1828 1237 138.
1851 1190 2027 1240 Gaulos
2044 1191 2170 1247 laxi,
2197 1187 2423 1252 elongati,
2447 1201 2526 1235 σε·

386 1263 498 1325 pius
522 1260 893 1325 procumbentes
912 1259 991 1306 vel
1011 1257 1258 1321 prostrati.
1297 1257 1441 1307 Folia
1468 1257 1550 1304 2-4
1587 1257 1676 1304 lin.
1705 1256 1872 1320 longa,
1895 1257 2216 1320 integerrima
2234 1256 2309 1304 vel
2329 1254 2523 1303 dentata.

388 1329 587 1378 Coi-olla
608 1341 756 1391 quam
781 1327 835 1373 in
855 1325 897 1374 1.
919 1324 1183 1387 parviflora
1195 1323 1372 1386 major,
1395 1322 1483 1372 secl
1503 1323 1846 1387 magnitudine
1867 1324 2122 1371 variabilis
2145 1322 2353 1371 videtur.
2375 1324 2448 1382 (v.
2472 1323 2528 1379 s.)

321 1416 369 1461 8.
383 1412 425 1461 1.
452 1424 663 1461 mmm
678 1445 691 1469 ‚
709 1409 914 1473 pusilla,
933 1413 1093 1456 erecta
1111 1443 1122 1465 ‚
1151 1407 1283 1456 foliis
1297 1408 1466 1470 paucis
1475 1406 2020 1456 minimisinserioribus
2043 1406 2204 1456 ovatis
2225 1403 2529 1470 superioribus

333 1498 343 1505 ·
386 1479 630 1542 oblongis,
661 1474 950 1540 pedunculis
982 1475 1272 1523 axillaribus
1301 1474 1560 1538 elongatis,
1596 1474 1781 1522 corolla
1809 1475 1976 1537 calyce
2003 1474 2157 1536 triplo
2183 1473 2415 1537 longiore,
2438 1469 2528 1518 fila-

390 1546 568 1594 mentis
586 1543 763 1595 anticis
786 1541 1092 1605 glandulosis
1115 1541 1442 1589 obtusissimis
1461 1541 1550 1588 sub
1569 1541 1705 1603 apice
1723 1540 1893 1588 lobulo
1910 1541 2146 1604 elongato
2163 1540 2333 1604 glabro
2354 1543 2530 1586 arcuato

388 1613 564 1662 auctis.
601 1607 674 1680 ᾧ
696 1612 747 1657 in
783 1609 1040 1672 peninsula
1078 1606 1234 1656 Indiae
1266 1607 1518 1656 orientalis
1551 1608 1825 1670 (wight!).
1865 1606 2111 1670 Bonnaya
2145 1607 2351 1654 minima
2380 1603 2532 1666 Wight

393 1680 458 1728 ic.
492 1684 541 1727 3.
576 1683 614 1725 t.
653 1680 749 1725 858
782 1691 882 1724 non
908 1676 970 1724 G.
1010 1674 1141 1723 Don.
1178 1675 1352 1723 Caules
1382 1674 1638 1722 filisormes
1670 1674 1931 1736 tetragoni,
1980 1673 2377 1738 l·2·pollicares.
2411 1671 2532 1719 Folia

393 1747 576 1795 lineam
599 1746 779 1808 longa,
812 1741 1034 1805 pedicelli
1064 1741 1459 1804 semipollicares.
1494 1740 1693 1790 Corolia
1715 1742 1774 1803 3}
1803 1740 1894 1787 lin.
1933 1740 2104 1804 longa,
2148 1740 2279 1788 labio
2314 1739 2533 1802 superiore

393 1811 727 1876 longiusculo.
756 1810 991 1858 Antherae
1010 1808 1204 1871 posticae
1228 1823 1254 1855 e
1275 1809 1393 1856 tubo
1403 1806 1628 1861 ,breviter
1650 1812 1871 1855 exsertae.
1898 1806 2113 1869 Capsula
2135 1807 2298 1871 calyce
2324 1801 2531 1854 brevior?

392 1888 637 1927 maturam
662 1884 824 1925 tamen
850 1890 949 1924 nou
977 1874 1092 1922 vidi.
1122 1875 1190 1938 (v.
1213 1890 1254 1922 s.
1280 1889 1457 1924 comm.
1495 1889 1525 1922 a
1547 1874 1612 1922 cl.
1640 1874 1863 1935 Arnott.)

327 1979 482 2044 xc‘ll.
517 1990 839 2058 BQNNAYA
864 1992 985 2055 Link,
1001 1999 1043 2037 et
1070 1990 1170 2037 Ouo
1190 1994 1253 2036 ic.
1279 1992 1477 2103 ‘egeam’
1503 1992 1669 2103 Ιῖοηιὴ.
1695 1991 1877 2049 scr-oph.
1918 1991 2016 2036 ind.
2042 2005 2092 2049 p.
2121 1991 2189 2037 32
2222 1997 2264 2037 σε
2285 1989 2414 2035 final.
2438 2001 2528 2045 oen.

1234 2071 1284 2115 p.
1434 2070 1519 2104 eoec
1543 2091 1555 2103 .
1587 2072 1657 2117 sp.

405 2171 573 2244 Calyx
618 2170 934 2251 5-partituS‚
980 2168 1269 2239 segmentis
1302 2167 1707 2242 subaequalibus
1738 2168 2074 2226 aestivatione
2115 2169 2206 2225 vix
2247 2165 2530 2223 imbricatis,

334 2243 558 2302 Corollae
581 2241 784 2299 labium
809 2240 1058 2313 superius
1077 2238 1272 2307 breve,
1303 2248 1571 2310 erectum,
1602 2240 1844 2312 bifidum,
1875 2240 2097 2297 inferius
2126 2241 2314 2312 majus
2342 2244 2528 2311 patens»,

340 2316 597 2371 trifidum.
642 2312 888 2368 Stamina
932 2315 966 2369 2
1016 2311 1221 2382 postica
1268 2311 1501 2383 fertilia,⁴
1541 2314 1839 2369 anticorum
1892 2312 2199 2368 rudimenta
2248 2308 2532 2383 glandulosa

336 2386 559 2442 linearia
600 2383 792 2440 obtusa
834 2381 1172 2438 vel·clavata
1216 2382 1448 2454 integra.
1518 2385 1579 2440 St
1619 2385 1700 2440 lus
1743 2385 1897 2465 apice
1938 2400 2014 2440 sae
2056 2384 2143 2440 ius
2183 2380 2531 2439 bilamellatus.

340 2456 572 2528 Capsula
612 2453 866 2521 linearis»,
912 2453 1100 2526 calyce
1145 2452 1586 2510 london—Her
1623 2472 1672 2511 ae
1707 2456 1852 2510 As1ae
1875 2454 1961 2511 vel
2060 2454 2299 2511 usti-aliae
2342 2449 2532 2538 tropicae

343 2527 563 2594 incolae,
601 2525 803 2597 glabrae
843 2523 929 2580 vel
970 2526 1145 2580 rarius
1195 2497 1583 2595 pilosiusculae‚
1624 2542 1681 2582 re
1754 2533 1874 2582 ntes
1913 2526 1998 2582 vel
2052 2526 2366 2582 suberectae.
2406 2520 2531 2577 belia

340 2598 615 2671 opposita,
644 2596 990 2667 integerrima
1020 2595 1105 2650 vel
1130 2595 1333 2667 saepius
1361 2597 1604 2653 dentata.
1651 2598 1687 2653 F
1707 2613 1829 2653 ores
1866 2597 2093 2669 oppositi
2141 2597 2223 2652 vel
2265 2596 2442 2651 abortu
2464 2589 2532 2647 al·

344 2669 514 2738 terni,
545 2667 797 2724 axillares
830 2666 918 2722 vel
954 2667 1008 2721 in
1037 2681 1278 2722 racemos
1307 2669 1622 2724 terminales
1662 2667 1928 2741 dispositi.
1969 2668 2228 2724 Antberae
2267 2666 2533 2721 liberae.-

344 2741 531 2798 Genus
548 2739 673 2794 hinc
698 2738 994 2794 vandelliae
1019 2737 1165 2793 illinc
1192 2736 1450 2809 llysanthi
1479 2746 1624 2796 arcte
1642 2739 1820 2806 affine,
1847 2738 1919 2795 ab
1943 2738 2030 2795 illo
2056 2755 2162 2795 non
2195 2738 2291 2793 nisi
2320 2731 2533 2792 stamini·

343 2813 449 2869 bus
468 2811 743 2867 diversum
759 2851 773 2877 ,
797 2809 869 2864 ab
884 2807 987 2864 hoc
1008 2807 1230 2880 capsula
1246 2808 1498 2881 elongata
1515 2817 1571 2866 et
1588 2809 1875 2866 filamentis
1893 2810 2165 2866 sterilibus
2188 2803 2531 2889 integerrimis.

344 2882 567 2956 Species
602 2880 762 2937 valde
784 2879 1075 2936 variabiles
1095 2922 1109 2948 ,
1138 2877 1316 2950 plures
1341 2881 1483 2936 inter
1501 2896 1562 2937 se
1584 2888 1731 2937 arcte
1752 2881 1943 2937 affines
1959 2924 1974 2948 ‚
2004 2895 2106 2936 nec
2130 2880 2285 2937 facile
2311 2895 2362 2933 in
2388 2873 2536 2948 speci·

345 2954 583 3011 minibus
625 2951 786 3009 siccis
833 2950 1047 3007 corollis
1086 2949 1288 3021 saepius
1333 2952 1642 3007 carentibus
1683 2952 2112 3024 distinguenda»,
2158 2958 2214 3007 et
2247 2944 2536 3023 synonymia

348 3025 722 3084 botanicorum
745 3028 989 3079 veterum
1021 3021 1176 3077 valde
1198 3021 1439 3078 confusa.

348 3131 470 3188 LB.
491 3141 809 3178 amomum
827 3126 979 3186 (Link
989 3134 1035 3176 et
1049 3126 1188 3176 otto!
1208 3126 1412 3196 Abbild.
1439 3131 1491 3176 2.
1507 3144 1557 3192 p.
1579 3132 1661 3176 25.
1676 3136 1714 3177 t.
1734 3129 1793 3189 9)
1808 3164 1821 3188 ‚
1838 3134 1998 3178 erecta
2020 3127 2097 3176 vel
2115 3127 2225 3176 basi
2249 3122 2534 3174 decumbens,

420 3197 777 3254 ramosissima‚
805 3194 937 3243 foliis
960 3194 1210 3242 sessilibus
1230 3195 1457 3258 oblongis
1479 3195 1756 3244 obovatisve
1784 3194 2100 3260 argutissime
2122 3191 2337 3248 serram,
2365 3187 2538 3236 floribus

418 3262 681 3313 racemosis
705 3298 717 3318 ‚
753 3262 967 3324 capsulis
1008 3262 1472 3324 erecto-‚patentibus
1505 3264 1673 3325 calyce
1698 3262 1846 3325 duplo
1883 3261 2205 3325 longioribus.
2246 3254 2316 3338 Q]
2341 3257 2388 3304 in
2423 3251 2539 3302 Indis

423 3329 653 3378 orientali
676 3328 776 3376 sere
806 3331 910 3375 tota
931 3328 1175 3390 frequens,
1202 3329 1348 3375 etiam
1371 3329 1422 3376 in
1446 3330 1573 3378 ..lava
1598 3328 1902 3392 (Zollingerl
1934 3344 1984 3375 n.
2014 3328 2145 3390 61),
2179 3333 2226 3375 et
2267 3325 2419 3373 mins.
2445 3318 2539 3368 Phi-

427 3395 628 3458 lippinis
664 3398 679 3448 (
695 3393 950 3442 chamisso
973 3393 984 3441 ἒ
1008 3395 1045 3456 ).
1074 3394 1299 3444 Gratiola
1338 3403 1527 3442 serrata
1570 3395 1726 3443 Roxb.
1754 3394 1807 3442 fl.
1846 3394 1952 3443 ind.
1979 3394 2056 3441 ed.
2085 3394 2198 3443 Car.
2237 3400 2282 3441 et
2312 3385 2465 3438 wau!
2501 3385 2539 3431 l.

428 3479 479 3525 p.
507 3463 620 3508 140.
653 3460 895 3524 Bounaya
932 3463 1113 3524 pusilla
1149 3461 1328 3509 Benth.
1367 3461 1567 3524 Scroph.
1608 3462 1710 3510 ind.
1756 3478 1807 3525 p.
1856 3465 1940 3509 33.
1983 3461 2159 3510 Caules
2187 3455 2418 3521 tetragoni
2451 3453 2542 3498 2-8-

435 3528 721 3590 pollicarem,
770 3528 920 3574 ramis
970 3527 1390 3575 divaricatissimis
1416 3527 1597 3577 infimis
1639 3528 1883 3576 interdum
1925 3527 1987 3576 ad
2030 3527 2179 3575 nodos
2222 3519 2539 3573 radicantibun.

431 3594 571 3642 Folia
592 3591 961 3642 membranacea
979 3596 1099 3641 6-12
1122 3594 1212 3642 lin.
1235 3595 1404 3657 longa.
1432 3594 1627 3643 Racemi
1651 3595 1983 3658 pedunculati.
2029 3595 2247 3643 Bracteae
2287 3585 2544 3638 lanceolam-

436 3667 652 3709 setaceae.
694 3657 928 3706 Pedicelli
960 3661 1151 3723 calyces
1190 3669 1456 3722 aequantes.
1512 3661 1708 3710 Corolia
1749 3662 1942 3721 tenuis,
1978 3661 2142 3723 calyce
2181 3659 2324 3722 paulo
2357 3649 2541 3713 longior·

436 3728 712 3776 Filamenta
734 3725 922 3772 sterilia
944 3726 1030 3774 vix
1051 3727 1272 3776 incurva.
1295 3727 1511 3790 Capsula
1546 3732 1633 3777 3-5
1663 3729 1753 3776 lin.
1781 3729 1957 3796 longa,
2002 3728 2162 3775 rarius
2189 3716 2544 3786 semipollicaris·

434 3796 513 3857 (v.
542 3794 621 3852 s.)

266 3899 349 3926 ..s
376 3880 427 3925 2.
454 3877 512 3926 Β.
544 3886 789 3922 REPTANS
818 3873 1053 3937 (Spreng.
1083 3882 1202 3938 syst.
1234 3878 1280 3924 1.
1306 3893 1353 3939 p.
1380 3879 1502 3939 41),
1535 3878 1674 3926 caule
1696 3885 1891 3942 repente
1929 3878 2206 3935 radicantes,
2245 3872 2370 3922 foliis
2405 3873 2545 3917 rotun·

443 3941 568 3990 datis
590 3941 664 3987 vel
688 3940 1141 4004 obovato-oblongis
1164 3951 1337 4005 argute
1362 3945 1562 3993 serratis
1581 3946 1686 3993 basi
1710 3947 1759 3993 in
1797 3945 2028 4008 petiolum
2054 3941 2346 4006 angustatis,
2371 3933 2545 4008 floribtft

447 4007 734 4062 racemosis‚
761 4007 973 4066 capsulis
997 4009 1274 4069 patentibus
1311 4011 1479 4071 calyce
1527 4013 1710 4074 2-3·plo
1751 4011 2075 4075 longioribus.
2091 4009 2226 4064 (liin
2271 4004 2394 4055 omni
2427 3997 2546 4049 Indss

443 4072 664 4122 orientali
686 4107 697 4128 ν
726 4071 787 4118 δᾶ
814 4072 983 4133 'l'ssvoy
1036 4073 1204 4121 Walm
1237 4081 1247 4124 i
1271 4111 1283 4132 ‚
1316 4092 1471 4138 usque
1493 4077 1553 4125 ad
1576 4078 1824 4127 Moluccas
1862 4086 1909 4127 et
1938 4079 1988 4125 in
2015 4067 2422 4137 inS.‘l‘bilippinis
2447 4063 2547 4127 (Ou—

444 4138 615 4206 ming!
641 4153 693 4186 n.
730 4140 873 4198 582„
901 4138 1123 4188 Gratiola
1155 4148 1352 4205 reptans
1380 4143 1542 4193 Βοιώ.
1568 4144 1620 4194 fl.
1646 4145 1750 4195 ind.
1795 4145 1872 4196 ed.
1914 4145 2029 4197 Car.
2066 4153 2114 4195 et
2145 4143 2283 4194 wau.
2310 4141 2352 4188 l·
2377 4152 2420 4201 P·
2447 4131 2544 4181 ¹4⁰⁰
