2808 4538
326 271 1658 359 Μ.501101>Η111.Α111ΑοΕΕ
1694 250 1721 380 ’(
1740 321 1957 361 mem
1979 252 2218 364 Bm.
2240 298 2281 388 ).
2421 230 2556 368 291

329 413 553 478 opposita
568 447 581 472 ,
607 412 860 478 superiora
894 411 1100 459 alterna.
1126 407 1340 474 capsula
1375 399 1601 471 dvoidea,
1629 413 1771 462 valde
1791 413 1994 478 obliqua
2007 452 2020 478 ,
2051 417 2216 466 loculo
2240 414 2428 480 postico
2449 415 2562 465 uni-

328 497 530 547 poroso,
557 482 725 531 antico
742 480 971 544 biporoso
996 477 1102 528 basi
1129 478 1298 542 gibbo.
1327 478 1524 527 Semina
1557 480 1848 543 obovoidea,
1885 483 1970 531 vix
1991 486 2260 549 angulata,
2295 483 2559 532 1010011110-

325 564 528 614 rugosa.

327 644 378 691 3.
416 642 481 692 A.
522 650 939 693 enmmosnn
962 636 1169 702 (LindM
1189 638 1291 686 bot.
1313 652 1418 703 reg.
1445 644 1483 687 t.
1514 639 1691 704 1893),
1717 649 1930 692 erectum
1952 678 1965 703 ,
2001 642 2525 708 glandulosoepilosum
2544 679 2559 706 ,

397 708 531 758 foliis
560 707 851 757 lanceolatis
874 706 949 755 vel
974 705 1431 754 ovato-lanceolatis
1446 741 1460 766 ,
1497 723 1690 757 racemo
1717 709 1867 760 denso
1892 710 2189 771 multifloro,
2225 710 2427 759 floribus
2447 712 2562 770 sub-

397 775 673 832 sessilibus,
700 774 886 839 calycis
911 773 1173 838 segmentis
1193 772 1681 824 lineari-lanceolatis
1708 778 1867 827 acutis
1894 777 2224 841 inaequalibus
2249 779 2436 827 corolla
2455 779 2561 828 bre·

397 842 636 892 rioribus.
670 842 725 909 ‘lp
751 840 805 889 in
838 841 981 889 Nova
1009 837 1279 889 California
1303 838 1627 905 (Douglasl).
1655 843 1824 893 Caulis
1854 844 2110 909 bipedalis.
2146 845 2286 896 Folia
2326 846 2559 894 crassius-

400 911 534 959 eula.
579 909 780 974 Calyeis
823 913 1132 971 segmentum
1172 905 1414 970 posticum
1457 909 1646 958 caeteris
1691 911 1909 976 longius.
1950 912 2148 963 Corolia
2186 928 2353 973 rosea,
2393 913 2559 976 palato

399 976 694 1093 egililroleuco
715 1010 728 1036 ‚
754 973 1101 1040 magnitudine
1120 973 1185 1023 A.
1213 972 1374 1023 siculi.
1403 973 1601 1025 Semina
1623 975 1686 1027 A.
1713 979 1813 1043 maj
1822 980 1939 1028 oris.
1965 979 2178 1045 Capsula
2197 979 2376 1039 minor,
2398 981 2564 1030 minus

402 1060 431 1095 o
489 1045 620 1107 'qua.
646 1047 713 1106 (v.
742 1047 808 1106 s.)
2419 1069 2424 1074 -

331 1127 383 1177 4.
420 1127 484 1176 A.
523 1125 769 1176 chtrnms
794 1123 982 1188 (Uei-ia.
1024 1123 1201 1173 Chav.!
1234 1139 1463 1190 monogr.
1489 1143 1538 1191 p.
1569 1127 1687 1190 88),
1732 1135 1946 1179 erectum
1970 1130 2049 1179 vel
2085 1128 2411 1191 adscendens,
2449 1111 2562 1180 basi

397 1201 921 1254 tortuoso-ramosum,
948 1191 1180 1257 glabrum
1218 1192 1294 1240 vel
1327 1207 1534 1256 superne
1564 1194 2173 1261 glanduloso·pubescens,
2204 1197 2335 1246 foliis
2357 1197 2560 1246 lineari-

395 1261 491 1311 bus
512 1261 590 1310 vel
617 1258 1129 1318 lineari-lmiceolatis‚
1152 1273 1348 1308 racemo
1366 1261 1483 1309 laxo
1507 1262 1776 1312 multifloro
1796 1298 1810 1322 ,
1834 1263 2038 1313 floribus
2064 1265 2271 1313 breviter
2295 1264 2556 1328 pedicella-

397 1330 478 1389 tis,
506 1329 693 1392 calycis
715 1329 980 1391 segmentis
1003 1327 1454 1376 ovato-lanceolatis
1473 1329 1810 1379 acutiusculis.
1827 1327 1960 1397 26111
1977 1331 2220 1380 ruderatis
2242 1338 2289 1380 et
2307 1332 2370 1380 ad
2394 1347 2561 1381 muros

396 1395 581 1444 Siciliae
624 1395 884 1458 frequens,
916 1395 970 1442 in
997 1393 1240 1456 Hispania
1274 1399 1323 1442 et
1355 1394 1410 1442 in
1431 1441 1432 1444 ,
1456 1397 1786 1461 Archipelago
1839 1413 2018 1463 graeco.
2067 1398 2132 1447 A.
2175 1398 2583 1463 angustifolium·

395 1462 533 1512 Poir.
568 1462 685 1510 dict.
711 1463 872 1525 suppl.
902 1463 952 1510 4.
994 1476 1044 1525 p.
1079 1463 1141 1508 27
1151 1495 1163 1507 .
1193 1460 1457 1516 Orontium
1481 1465 1691 1513 siculum
1714 1465 1849 1512 Pers.
1876 1481 1987 1529 syn.
2014 1468 2064 1512 2.
2089 1482 2140 1529 p.
2168 1466 2560 1514 158.—Habitu

394 1529 570 1578 formis
603 1530 858 1578 nonnullis
882 1528 944 1577 A.
971 1527 1177 1591 majoris
1211 1528 1492 1589 subsimile,
1521 1530 1603 1578 sed
1626 1530 1893 1593 humilius,
1934 1531 2120 1579 corolla
2141 1532 2304 1580 minor
2335 1532 2450 1580 alba
2481 1532 2560 1580 vel

394 1596 642 1645 lutesceus
680 1596 841 1644 rarius
872 1610 1260 1660 purpurascenS,
1302 1601 1352 1645 et
1395 1596 1649 1661 calycibus
1684 1597 1829 1647 facile
1870 1598 2175 1647 distinctum.
2209 1601 2294 1662 (v.
2332 1598 2386 1646 in
2401 1598 2558 1649 berb.

393 1663 558 1714 Hook.
583 1669 631 1712 et
652 1663 779 1728 Dc.)

328 1757 379 1801 5.
415 1748 482 1799 Δ.
524 1760 856 1799 montuosos(
880 1749 1041 1810 (Bosc.
1068 1746 1246 1796 Cham!
1269 1762 1498 1812 monogr.
1527 1764 1577 1812 p.
1603 1750 1713 1813 87),
1741 1757 1958 1800 ereetum
1988 1749 2065 1798 vel
2090 1748 2415 1810 adscendens,
2449 1748 2562 1799 basi

393 1822 912 1874 tortuoso-ramosum,
941 1814 1157 1877 undique
1173 1815 1424 1878 glabrum,
1453 1815 1586 1864 foliis
1607 1817 1893 1878 linearibus,
1921 1832 2111 1866 racemo
2135 1816 2410 1881 interrupto
2429 1850 2443 1877 ‚
2469 1816 2559 1866 flo-

394 1884 533 1933 ribus
554 1883 836 1932 brevissime
887 1881 1154 1931 edicellatis
1177 1882 1590 1943 subfasciculatis,
1614 1884 1798 1948 calycis
1824 1884 2086 1948 segmentis
2106 1883 2294 1947 glabris
2318 1884 2557 1948 oblongo-

394 1951 555 2001 ovatis
579 1950 784 1999 obtusis.
870 1991 873 1992 γ
896 1949 950 1997 111
990 1947 1148 1997 Italioe
1174 1948 1416 1997 ruderatis
1446 1951 1743 2013 rupibusque
1763 1952 2028 2000 maritimis
2095 1966 2208 2014 rope
2239 1950 2445 2000 Romam
2464 1986 2476 2010 ,
2503 1952 2558 1999 in

396 2018 587 2079 Sicilia,
614 2025 665 2066 et
685 2018 740 2066 in
764 2015 929 2068 Gallia
951 2015 1302 2064 mediterranea
1326 2033 1400 2080 pr.
1429 2017 1601 2081 Frejus
1631 2019 1801 2080 (Herb.
1830 2019 1958 2082 Gay.
1977 2018 2016 2082 ).
2092 2054 2102 2065 .
2134 2018 2400 2081 capitatum
2419 2017 2558 2068 Presl

396 2084 492 2134 del.
534 2085 686 2149 Prag.
719 2069 781 2148 'p.
824 2085 906 2131 74.
964 2082 1228 2132 Orontium
1278 2084 1489 2132 siculum
1528 2092 1561 2154 β
1585 2092 1854 2135 tortuosum
1892 2086 2030 2134 Pers.
2085 2101 2193 2148 syn.
2238 2087 2289 2132 2.
2333 2101 2380 2149 p.
2440 2087 2556 2133 158.

399 2151 593 2216 Species
615 2168 730 2200 cum
750 2152 816 2200 A.
844 2149 1001 2199 siculo
1014 2165 1140 2213 saepe
1161 2149 1384 2210 confusa,
1411 2150 1496 2199 sed
1519 2153 1703 2214 calycis
1728 2154 1885 2202 forma
1906 2158 1955 2201 et
1974 2152 2161 2201 corolla
2179 2151 2342 2215 ampla
2356 2151 2560 2201 distinc—

395 2220 614 2281 tissima,
644 2221 706 2268 A.
728 2218 911 2283 majori
936 2217 1156 2276 affinior,
1184 2224 1236 2266 et
1258 2219 1321 2265 ab
1342 2217 1439 2267 hoe
1467 2219 1553 2266 vix
1588 2218 1751 2269 differt
1787 2221 1883 2269 nisi
1914 2220 2082 2284 calyce
2114 2219 2410 2283 glaberrimo
2442 2235 2554 2285 seg-

396 2288 575 2340 mentis
594 2287 975 2352 angustioribus.
1001 2287 1198 2336 Coran
1217 2302 1481 2351 purpurea.
1511 2288 1577 2350 (v.
1601 2288 1654 2337 in
1671 2288 1811 2338 herb.
1834 2288 1995 2338 Hook.
2016 2294 2065 2336 et
2085 2287 2212 2350 DC.)

248 2372 321 2423 f
328 2379 380 2423 6.
410 2374 475 2423 A.
507 2384 684 2421 ussus
713 2372 888 2435 (Linn.
928 2384 1055 2435 spec.
1082 2386 1132 2435 p.
1164 2374 1278 2418 859.
1301 2370 1477 2420 Chav.!
1499 2386 1726 2436 monogr.
1771 2390 1818 2438 p.
1853 2374 1977 2436 85),
2013 2378 2228 2420 erectum
2252 2372 2330 2421 vel
2352 2370 2556 2422 adsem—

399 2440 520 2490 dens
542 2441 643 2488 basi
668 2445 1191 2499 tortuoso—ramosum,
1232 2438 1365 2486 soliis
1410 2439 1937 2503 oblongo-lanceolatis
1969 2440 2299 2487 linearibusve
2328 2440 2518 2503 glabris
2539 2474 2553 2500 ,

394 2523 590 2558 racemo
610 2506 881 2557 multifloro
901 2505 1540 2571 glanduloso-pubescente,
1563 2506 1769 2555 floribus
1787 2508 1997 2556 breviter
2021 2505 2350 2570 pedieellatiS,
2373 2502 2568 2571 calycis=
2595 2514 2602 2519 '

392 2575 659 2640 segmentis
681 2575 779 2623 late
822 2575 980 2623 ovatis
1006 2573 1210 2622 obtusis.
1243 2573 1296 2636 28
1332 2573 1385 2621 in
1424 2573 1633 2637 Europae
1676 2575 1984 2623 australioris
2040 2580 2089 2621 et
2121 2573 2303 2623 Africae
2349 2573 2560 2623 borealis

393 2641 550 2692 aridis
594 2641 835 2691 rudet-atis
865 2640 929 2689 ad
967 2656 1137 2690 muros
1176 2640 1435 2701 antiquos,
1466 2647 1555 2690 etc.
1589 2640 1648 2688 In
1683 2641 1843 2689 hortis
1866 2641 1950 2689 diu
1975 2640 2111 2688 culta
2132 2649 2179 2689 et
2201 2656 2264 2688 ex
2286 2640 2348 2688 iis
2370 2641 2558 2704 ausuga

393 2709 610 2761 occurrit
631 2709 779 2758 etiam
803 2707 943 2771 quasi
970 2716 1239 2772 spontanea
1256 2709 1309 2756 in
1352 2708 1546 2771 Europa
1570 2707 1756 2767 media,
1786 2708 1837 2757 in
1880 2707 2022 2758 India
2046 2707 2298 2767 orientali,
2328 2709 2382 2756 in
2409 2706 2556 2756 Ame—
2602 2701 2695 2809 Χ

394 2778 500 2844 ric}
520 2776 893 2841 septentrionali
909 2790 1000 2825 nec
1027 2790 1127 2824 non
1145 2773 1355 2824 australi
1375 2775 1933 2838 extratropjca.—Lam.
1952 2774 2028 2821 ill.
2051 2779 2093 2821 t.
2117 2775 2232 2821 531.
2262 2773 2297 2820 f.
2328 2775 2375 2821 l.
2401 2774 2552 2837 Engl.
2679 2778 2687 2787 ⁸

393 2846 497 2895 bot.
525 2838 569 2893 t?
592 2846 707 2893 129.
728 2840 997 2895 Orontium
1019 2843 1183 2906 majus
1227 2842 1363 2895 Pers.
1404 2858 1517 2905 syn.
1564 2845 1614 2889 2.
1659 2856 1708 2903 p.
1763 2843 1877 2890 158.
1920 2839 2146 2890 Antirrh.
2194 2840 2557 2890 montevidense

393 2912 543 2963 Mart.
569 2927 631 2961 ex
652 2912 812 2974 Walp.
835 2926 935 2974 rep.
964 2910 1014 2957 2.
1038 2924 1087 2974 p.
1115 2914 1233 2959 223.
1264 2909 1494 2960 Antirrh.
1539 2908 1768 2957 rhodium
1799 2907 1980 2957 Boiam!
2023 2907 2075 2955 in
2115 2906 2301 2955 Pinard
2339 2907 2407 2969 pl.
2451 2923 2551 2957 car.

396 2995 500 3029 exs.
540 2978 683 3028 Rami
726 2978 928 3026 floriferi
960 2976 1284 3040 1-3-pedales,
1337 2976 1443 3024 basi
1477 2976 1670 3040 glabri,
1711 2974 1849 3038 apice
1893 2976 2008 3038 plus
2039 2973 2205 3021 minus
2233 2973 2553 3036 glanduloso-

392 3048 725 3110 pubescentes.
750 3044 982 3093 Pedicelli
1015 3045 1182 3107 calyce
1223 3043 1472 3091 breviores
1505 3044 1580 3090 vel
1629 3043 1714 3090 vix
1753 3042 2014 3105 longioreS.
2061 3039 2257 3088 Corolia
2284 3040 2404 3101 132
2430 3041 2551 3103 poll.

392 3115 576 3178 longa,
627 3127 873 3175 purpurea
919 3112 997 3159 vel
1035 3125 1478 3174 purpureo-rosea,
1511 3110 1672 3157 rarius
1700 3110 1813 3156 alba
1835 3109 1910 3157 vel
1948 3107 2216 3170 variegata.
2255 3106 2398 3169 Cape.
2447 3108 2555 3156 basi

390 3182 537 3230 valde
560 3180 760 3243 obliqua
776 3214 788 3238 ,
811 3180 948 3242 apice
968 3179 1189 3227 incurva.
1216 3178 1416 3228 Semina
1441 3192 1615 3240 parva,
1647 3176 1906 3226 foveolate.
1936 3177 2009 3239 (v.
2032 3174 2106 3236 s.)
2360 3203 2366 3207 -

334 3274 384 3318 7.
410 3268 474 3317 A.
501 3277 846 3314 Laus-oum(
871 3262 1021 3327 (DC.!
1054 3261 1105 3311 fl.
1133 3262 1198 3311 fr.
1226 3266 1277 3309 5.
1300 3278 1350 3325 p.
1381 3262 1499 3309 411.
1526 3260 1701 3309 Chav.!
1729 3274 1956 3321 monogr.
1996 3273 2046 3321 p.
2073 3256 2198 3319 84),
2233 3264 2449 3305 ereetum
2475 3257 2556 3307 vel

395 3333 720 3391 adscendens,
741 3332 857 3379 basi
880 3336 1372 3379 tortuoso-ramosum
1391 3365 1403 3387 ,
1428 3328 1569 3376 caule
1591 3327 1793 3386 villoso,
1821 3327 1953 3375 foliis
1970 3326 2127 3373 ovatis
2165 3325 2242 3373 vel
2280 3324 2555 3374 ovato-lan—

397 3400 599 3453 ceolatis
633 3397 1032 3463 pubescentibus,
1072 3412 1264 3446 racemo
1298 3398 1415 3444 laxo
1436 3393 1939 3458 glanduloso-piloso,
1981 3392 2182 3440 floribus
2215 3390 2518 3456 pedicellatis
2537 3428 2549 3451 ,

395 3470 581 3535 calyeis
605 3466 869 3531 segmentis
887 3465 985 3512 late
1011 3463 1393 3527 ovali-ellipticis
1418 3463 1623 3509 obtusis.
1645 3459 1714 3524 25
1736 3462 1786 3508 in
1811 3461 2014 3523 rupibus
2037 3459 2268 3507 calcareis
2288 3458 2551 3522 Pyrenaeo-

393 3552 504 3585 runs
524 3534 838 3584 orientalium
854 3569 865 3590 ,
904 3530 1109 3594 A'lpium
1133 3531 1494 3579 maritimorum
1513 3564 1526 3588 ,
1554 3526 1960 3591 Galloprovinciae
1981 3528 2102 3575 etin
2136 3526 2360 3574 Helvetia
2404 3541 2553 3590 prope

393 3601 702 3651 Neusehatel.
730 3627 796 3636 —-
821 3600 987 3648 Nocca
1009 3604 1057 3647 et
1081 3599 1222 3647 Balb.
1272 3597 1323 3644 fl.
1371 3597 1511 3645 ticin.
1546 3597 1594 3643 1.
1623 3603 1659 3643 t.
1685 3598 1770 3643 42.
1811 3595 1877 3644 A.
1902 3593 2079 3659 majori
2102 3593 2435 3652 valde-affine,
2467 3593 2553 3641 sed

392 3671 511 3719 satis
538 3668 825 3717 distinctum
849 3666 1057 3714 videtur.
1085 3666 1226 3717 Folia
1251 3665 1460 3724 latiora,
1486 3663 1754 3711 obtusiora.
1780 3663 1817 3710 F
1820 3663 1945 3711 lores
1988 3661 2199 3725 majores
2219 3696 2232 3721 ,
2273 3661 2544 3724 pauciores.

391 3738 601 3787 Corollae
630 3735 933 3783 ochroleucoe
952 3769 965 3794 ,
992 3733 1141 3796 gibbo
1168 3732 1339 3781 baseos
1359 3732 1517 3779 multo
1541 3730 1700 3795 magis
1721 3730 2040 3792 prominente.
2070 3730 2153 3792 (v.
2182 3728 2254 3791 s.)

458 3819 526 3890 p?
546 3832 913 3880 pur-perascens,
950 3816 1136 3864 corolla
1165 3820 1547 3879 purpurascente
1587 3813 1666 3859 vel
1703 3811 1890 3859 striata.
1927 3811 1983 3860 In
2008 3808 2264 3859 Lusitania
2289 3815 2335 3856 et
2371 3808 2422 3856 iu
2455 3804 2550 3871 Py-

524 3887 703 3936 renaeis
728 3883 1068 3932 orientalibus.
1094 3883 1156 3931 A.
1182 3882 1444 3930 latifolium
1465 3880 1590 3927 Mill.
1618 3879 1735 3926 dict.
1759 3895 1808 3925 11.
1843 3881 1892 3925 4.
1912 3878 2097 3926 Hoffm.
2125 3884 2172 3924 et
2193 3874 2322 3923 Liuk
2349 3874 2397 3921 fl.
2418 3882 2544 3937 port.

525 3957 571 4003 1.
601 3959 638 4000 t.
668 3955 752 3999 50.
772 3951 952 3999 Forma
970 3951 1095 3997 inter
1114 3952 1176 3997 A.
1208 3948 1471 3996 latifolinm
1497 3953 1542 3994 et
1561 3948 1623 3994 A.
1651 3945 1813 4008 majus
1833 3942 1931 3992 fere
1957 3943 2139 4001 media,
2168 3957 2227 3988 ex
2250 3941 2401 3990 Char.
2425 3944 2550 3989 forte

520 4019 735 4083 hybrida
756 4036 768 4075 ς
796 4033 961 4065 annon
985 4016 1146 4079 potius
1168 4030 1272 4063 var.
1299 4017 1363 4062 A.
1390 4013 1594 4074 majoris
1628 4012 1706 4059 cni
1749 4012 1946 4059 corollae
1963 4012 2124 4058 forma
2146 4006 2305 4056 simile
2326 4042 2340 4065 ,
2366 4016 2414 4057 et
2436 4008 2547 4057 stir-

520 4103 631 4151 pem
652 4100 743 4133 nec
774 4100 938 4132 raram
960 4099 1049 4131 nee
1072 4080 1286 4131 sterilem
1312 4082 1511 4128 difficile
1534 4078 1795 4142 hylaidam
1815 4076 2076 4125 crederem.
2097 4077 2174 4137 (v.
2202 4076 2274 4136 s.)
2365 4122 2396 4140 h

239 4202 297 4213 ---
320 4174 378 4222 Β.
405 4172 471 4221 A.
496 4172 854 4220 Hispanicum
878 4166 1056 4225 (Chav.
1092 4180 1318 4228 monogr.
1343 4181 1393 4228 p.
1421 4168 1483 4211 83
1503 4192 1514 4219 2
1538 4197 1551 4221 ,
1575 4162 1805 4209 villosum
1821 4194 1834 4215 ,
1873 4158 1976 4207 basi
2017 4156 2505 4223 tortuoso-ramosum
2529 4183 2543 4213 ‚

399 4238 611 4289 ramulis
632 4234 1064 4292 adscendentibus,
1090 4233 1221 4282 soliis
1246 4229 1514 4294 oblongo-12
1533 4228 1765 4277 recolatis
1807 4225 2018 4284 obtusiS,
2063 4236 2254 4272 racemo
2279 4214 2551 4289 interrupto
