2808 4538
226 254 573 296 mussona.
647 231 1540 299 SCROPHULARIACEAE
1590 231 1843 320 (moron
1861 245 2100 302 BENTH.
2122 234 2163 322 ).
2320 237 2449 303 241

289 349 485 413 lignoso
509 346 785 412 complures
797 346 1038 410 caespitosi
1063 343 1378 410 semipedales
1397 344 1462 393 ad
1478 341 1688 408 pedules.
1711 345 1915 411 calyces
1934 346 2115 396 lineam
2133 348 2292 414 longi.
2313 349 2380 413 (v.
2400 349 2456 400 in

288 415 426 465 herb.
451 414 600 464 Hook
623 420 672 463 et
695 413 820 476 Dc.)
2362 423 2365 430 ·

227 505 308 550 75.
350 500 416 548 V.
457 500 874 548 Eurnuncnu
896 531 910 556 ,
944 495 1311 545 suffruticosum
1328 531 1341 555 ,
1378 500 1596 545 tomento
1617 496 1751 546 brevi
1782 512 2058 558 canescens,
2087 496 2218 548 foliis
2250 499 2459 551 caulinis

290 566 611 617 inferioribus
643 566 794 629 longe
814 563 1060 629 petiolatis
1083 563 1614 628 spathulato—oblongis
1643 566 1659 622 (
1671 563 2033 629 integerrimis?
2048 567 2064 628 )
2082 565 2364 629 junioribus
2387 576 2460 617 to-

291 634 528 683 mentosis
551 632 750 680 demum
780 630 1037 680 denudatis
1059 630 1316 689 viridibus,
1347 630 1576 694 panicula
1600 629 2188 692 flexuoso-mnosissima,
2215 634 2463 697 pedicellis

291 700 493 752 remotis
515 699 753 748 solitariis
772 699 1042 763 geminisve
1065 698 1231 761 calyce
1253 697 1443 761 2-3-plo
1466 697 1788 762 longioribus,
1809 699 1993 763 calyeis
2011 699 2206 748 laciniis
2225 702 2461 767 oblongo-

291 768 583 817 laneeolstis
622 765 942 814 acutiusculis
977 765 1279 822 tomentosis,
1319 765 1520 827 capsan
1555 765 1985 830 cvoideo-globosfi
2015 765 2181 830 calyce
2219 767 2459 833 longiore.

308 840 342 896 ᾖ
372 835 398 883 ⁸?
431 835 486 882 in
518 832 824 896 Cappadocis
851 831 916 880 ad
949 830 1246 895 Euphratem
1275 830 1525 894 (Aucherl
1555 847 1609 879 n.
1634 833 1763 880 2171
1790 839 1839 882 et
1869 834 2046 888 2445).
2086 832 2153 882 V.
2192 835 2463 899 alyssifolio

295 902 455 951 simile
473 900 558 949 sed
579 900 774 949 elatius.
805 898 1046 948 Paniculs
1067 898 1224 947 multo
1245 898 1487 946 ramosior
1507 896 1803 947 floribunda.
1832 899 1971 948 Folia
1993 900 2072 962 (in
2116 902 2464 965 speciminibus

295 967 604 1033 imperfecta)
617 967 776 1015 multo
788 967 998 1031 majora,
1015 963 1267 1020 viridiora,
1286 971 1336 1013 et
1347 965 1530 1029 pluries
1549 965 1744 1014 latiora.
1762 969 1828 1029 (v.
1851 966 1902 1014 in
1918 966 2055 1015 herb.
2077 967 2240 1016 Hook.
2262 978 2310 1019 et
2326 970 2467 1033 Dc.)

232 1066 278 1148 5
308 1070 361 1127 7.
401 1061 843 1126 Blattan‘oidea.
861 1060 1128 1124 —Folia
1154 1075 1207 1122 ee
1227 1061 1447 1144 plamae
1471 1084 1614 1146 pars
1634 1061 1881 1144 inferior
1896 1068 2461 1142 tomentoso-lanata,

314 1145 529 1206 incana
567 1144 662 1205 vel
684 1143 811 1224 fere
894 1140 1089 1215 labra,
1113 1140 1342 1204 viridia.
1379 1144 1627 1206 Racemi
1657 1145 2023 1217 virescentes,
2052 1147 2345 1239 simplices
2373 1150 2466 1211 vel

315 1246 501 1309 parce
519 1223 773 1296 ramosi,
799 1244 841 1306 p
961 1221 1148 1286 minus
1169 1223 1729 1306 planduloso-pilosi.
1768 1225 2054 1287 Pecticelli
2065 1228 2322 1289 solitarii
2330 1277 2345 1302 ,
2368 1251 2466 1291 ra·

313 1305 440 1368 νῆις
462 1304 691 1376 2·3-ηι’,
713 1304 928 1385 scepius
964 1302 1229 1384 elonqati.
1257 1303 1456 1388 Calyp
1484 1305 1828 1386 5-par1itus,
1859 1304 2460 1391 planduloso-pilosus.

320 1386 566 1527 Corolga
593 1381 1290 1466 illaudatum-puberum,
1319 1384 1515 1444 rarius
1544 1382 2468 1467 qlabrata.—Phoenicophlomus

320 1467 500 1528 Grise
537 1513 550 1526 .

237 1586 322 1632 76.
357 1581 425 1630 V.
461 1580 775 1638 Anausin,
805 1583 1020 1627 tomento
1036 1576 1194 1626 caulis
1204 1576 1534 1639 foliorumque
1554 1575 1718 1626 albido
1736 1576 2062 1640 subfloccoso,
2087 1578 2219 1630 foliis
2243 1582 2472 1649 oblongis

303 1647 540 1703 crenatis,
555 1646 741 1694 infimis
764 1645 1007 1708 petiolatis
1029 1644 1217 1703 incisis,
1236 1644 1475 1708 supremis
1488 1643 1773 1693 lanceolatis
1794 1645 2469 1711 cordato-amplexicanlibus,

303 1713 538 1779 panicula
558 1728 702 1777 parce
727 1714 919 1760 ramosa
943 1710 1106 1775 rigida
1131 1711 1308 1775 glabra
1332 1711 1410 1758 vel
1432 1711 1942 1773 viscoso—pubescente,
1969 1713 2219 1777 mdicellis
2240 1717 2473 1769 solitariis

304 1781 510 1830 remotis
555 1781 774 1843 calycem
821 1778 1128 1841 aequantibus
1145 1812 1159 1837 ,
1191 1778 1378 1840 calycis
1419 1777 1613 1826 laciniis
1654 1778 1939 1827 lanceolatis
1979 1782 2161 1841 acutis,
2210 1782 2476 1834 filamsntis

307 1849 521 1897 breviter
568 1847 749 1894 lunatis
777 1845 876 1904 <5:21²
913 1845 966 1893 in
1007 1845 1151 1909 Syria
1181 1859 1256 1908 pr.
1290 1844 1416 1907 Alep
1456 1843 1719 1906 (Aucherl
1759 1861 1811 1893 n.
1843 1848 1972 1895 1839
1999 1853 2049 1896 et
2077 1850 2260 1912 2448).
2299 1852 2477 1901 Caules

305 1931 420 1965 cum
456 1929 652 1963 racemo
690 1911 1063 1975 sesquipedales,
1089 1912 1234 1960 erecti
1256 1911 1426 1973 rigidi.
1459 1910 1661 1975 Calyces
1681 1913 1744 1976 23¹·
1766 1913 1856 1960 lin.
1898 1914 2056 1980 longi.
2087 1916 2296 1966 Corollae
2330 1925 2474 1968 extus

309 1979 837 2047 glanduloso-villosae.
865 1979 940 2041 (v.
969 1978 1021 2026 in
1043 1977 1182 2027 berb.
1207 1977 1332 2040 DC.)

243 2068 327 2113 77.
356 2064 424 2114 V.
461 2073 852 2112 ammonicam:
874 2060 1114 2123 (waldet.
1139 2068 1189 2110 et
1208 2059 1314 2108 Kit.
1339 2060 1409 2125 pl.
1434 2073 1536 2108 rar.
1572 2060 1742 2125 Hung.
1773 2064 1823 2109 2.
1848 2077 1898 2126 p.
1925 2061 2043 2112 216.
2072 2069 2110 2113 t.
2137 2067 2231 2115 197
2250 2068 2267 2128 )
2285 2101 2298 2127 ,
2336 2069 2476 2119 ceule

310 2132 487 2196 glabro
517 2131 593 2178 vel
622 2144 828 2192 superne
855 2128 1146 2191 pubescente
1164 2160 1177 2185 ,
1219 2126 1353 2175 foliis
1398 2126 1637 2176 viridibus
1660 2129 1831 2176 subtus
1854 2131 2225 2193 pubescentibus
2266 2137 2478 2185 crenatis

309 2195 633 2247 inferioribus
657 2196 902 2260 petiolatis
923 2193 1257 2258 superioribus
1280 2194 1531 2242 sessilibus
1552 2196 1629 2244 vel
1652 2196 2318 2261 cordato-amplexicatssibus
2335 2237 2349 2261 ,
2393 2219 2473 2252 ra-

309 2264 466 2315 cemis
499 2264 625 2313 laxis
652 2262 859 2312 ramosis
896 2259 1311 2326 subpsniculatis,
1345 2260 1596 2325 pedicellis
1626 2263 1821 2312 2-3-nis
1853 2265 2014 2314 rarius
2050 2267 2283 2317 solitariis
2313 2269 2478 2335 calyce

309 2333 395 2381 bis
439 2331 519 2378 vel
557 2331 742 2395 pluries
789 2329 1113 2393 longioribus,
1140 2329 1332 2378 laciniis
1374 2329 1612 2392 calycinis
1655 2329 2166 2395 lineari-lanceolatis,
2216 2322 2479 2387 h‘lnmentis

311 2397 780 2465 purpureo-lanatis.
818 2400 875 2453 ff»
904 2398 955 2444 in
992 2395 1199 2445 Podolis
1230 2395 1439 2444 australi
1475 2401 1525 2444 et
1565 2395 1835 2445 Lithuanis
1870 2399 2107 2460 (Besserl
2139 2404 2175 2463 ).
2208 2402 2408 2453 Statura
2431 2412 2481 2454 et

312 2467 511 2531 calyces
543 2465 683 2528 parvi
711 2464 810 2512 fere
847 2462 1309 2527 Lychnitideorum,
1346 2462 1578 2525 panicula
1612 2462 1899 2526 simplicior,
1923 2466 2147 2530 pedicelli
2183 2469 2398 2535 elongati
2430 2480 2480 2521 et

310 2535 465 2599 pubes
491 2530 787 2596 glandulosa
805 2531 870 2578 V.
899 2529 1139 2594 phoenicei
1162 2536 1210 2577 et
1231 2528 1472 2577 affinium.
1499 2530 1582 2591 (v.
1610 2544 1651 2577 s.
1677 2545 1855 2578 comm.
1881 2547 1912 2580 a
1933 2534 1998 2581 cl.
2024 2534 2241 2597 Besser.)

377 2625 431 2688 β.
471 2618 717 2664 Tam-icum
742 2612 956 2677 (Hook.l
983 2614 1086 2662 bot.
1111 2627 1246 2676 mag.
1275 2620 1311 2661 t.
1338 2612 1511 2675 3799),
1540 2627 1731 2662 racemo
1756 2614 2066 2679 simpliciore,
2093 2620 2341 2683 pedicellis
2368 2622 2478 2672 bre-

452 2682 692 2739 vioribus,
719 2679 924 2730 floribus
945 2679 1233 2744 majoribus.
1259 2678 1318 2727 In
1343 2679 1529 2728 Tauria
1550 2680 1567 2742 (
1586 2696 1635 2727 v.
1657 2680 1710 2728 in
1727 2680 1866 2729 berb.
1892 2683 2078 2747 Hook.)

379 2772 428 2817 γ.
463 2753 802 2813 serruqineum(
825 2746 975 2795 Mum
1004 2745 1163 2809 dict.)‚
1186 2761 1378 2795 racemo
1396 2746 1549 2811 longo
1570 2746 1801 2810 simplici,
1822 2748 2027 2798 floribus
2044 2753 2193 2814 paulo
2210 2755 2481 2820 majoribus

445 2815 760 2880 longiuscule
789 2812 1087 2877 pctlicellatis
1124 2812 1318 2861 brevius
1360 2820 1524 2861 tamen
1548 2828 1695 2875 quam
1737 2815 1788 2861 in
1831 2816 1896 2864 V.
1929 2815 2181 2879 phoenioeo
2220 2828 2269 2869 et
2303 2824 2481 2887 soepius

451 2884 683 2948 geminis.
706 2881 844 2930 Pelia
870 2880 1055 2938 infima,
1086 2880 1330 2928 interdum
1351 2879 1742 2928 subauriculnta.
1763 2881 1942 2931 Forma
1962 2882 2222 2946 hortensis,
2244 2902 2307 2936 an
2321 2891 2483 2952 proles

447 2949 664 3015 hybrida
680 2946 704 2995 ⁸?
733 2950 808 3011 (v.
834 2963 873 2994 s.
901 2963 947 2995 c.
971 2948 1022 2994 in
1045 2945 1182 2994 herb.
1209 2947 1336 2995 Mus.
1361 2946 1480 2995 brit.
1502 2946 1604 2995 DC.
1622 2947 1737 3010 etc.)

241 3033 347 3086 78?
377 3034 446 3082 V.
485 3044 902 3082 chnELABnms
932 3031 1088 3093 (Kar.
1115 3038 1163 3079 et
1187 3032 1298 3079 Kir.
1324 3045 1492 3079 enum.
1526 3030 1612 3078 alt.
1639 3029 1694 3078 in
1734 3030 1858 3080 bull.
1891 3035 2047 3096 mosq.
2098 3035 2222 3083 1841
2249 3051 2300 3100 p.
2332 3039 2478 3101 716),

313 3101 458 3151 caule
479 3099 620 3149 tereti
645 3114 838 3147 ramoso
860 3097 1181 3161 polystschyo
1212 3097 1458 3160 ramisque
1480 3096 1694 3161 aphyllis
1730 3099 2135 3149 adscendentibus
2160 3105 2443 3153 tomentosis
2466 3144 2477 3166 ,

314 3169 452 3218 soliis
487 3166 803 3216 inferioribus
842 3164 1087 3228 petiolatis
1120 3164 1577 3229 oblongo-eboratis
1620 3164 1723 3213 basi
1765 3168 2028 3215 attenuatis
2072 3169 2474 3232 pubescentibus,

312 3236 482 3285 nervis
511 3233 824 3289 tomentcsis,
851 3231 1181 3295 superioribus
1200 3231 1682 3280 lineari-lanceolatis
1704 3233 1954 3282 sessilibus
1976 3236 2275 3295 tomentosis‚
2298 3239 2482 3300 pennu-

311 3303 441 3351 culis
463 3301 597 3349 binis
621 3301 782 3348 rarius
802 3300 981 3357 ternis,
1007 3298 1269 3347 filsmentis
1291 3297 1734 3346 violaceo-lanatis.
1768 3299 1821 3365 ᾙ
1853 3300 1905 3348 in
1927 3300 2049 3365 jugo
2071 3304 2267 3352 Altaicc
2288 3304 2340 3353 in
2366 3321 2479 3368 pra-

312 3369 540 3419 tensibus
567 3366 633 3415 ad
672 3372 912 3415 torrentes
951 3365 1196 3414 Uldschar
1231 3372 1281 3413 et
1319 3364 1782 3414 'l'scheharak·Assu
1810 3368 1941 3416 circa
1978 3377 2167 3418 montes
2188 3371 2483 3436 Tar-hagana

312 3435 568 3485 rarissime
588 3439 639 3482 et
673 3433 728 3482 in
750 3433 1002 3482 montibus
1025 3432 1209 3481 Alatau
1241 3430 1473 3492 (Ksrelin
1494 3440 1543 3479 et
1566 3431 1810 3496 Kirilow).
1839 3435 2023 3484 Habitu
2044 3444 2090 3485 et
2116 3436 2293 3488 florum
2321 3441 2483 3490 coloro

311 3503 380 3553 V.
414 3502 673 3567 phoeniceo
704 3498 1064 3563 quodammodo
1103 3498 1283 3547 simile.
1319 3499 1497 3547 variat
1538 3497 1742 3549 floribus
1782 3502 1935 3551 roseis
1963 3509 2011 3552 et
2048 3503 2189 3554 flavis
2225 3505 2279 3554 in
2312 3506 2479 3558 eodem

310 3569 572 3620 individuo
594 3567 877 3617 observetis.

243 3659 332 3703 79.
370 3655 439 3703 V.
478 3662 1080 3713 mscnrnnmsrotmn,
1110 3648 1242 3699 soliis
1263 3648 1566 3700 radicalibus
1585 3651 1733 3719 longe
1767 3653 2010 3719 petiolatis
2040 3655 2481 3722 oblongo-spathu-

312 3720 430 3770 latis
466 3719 700 3781 utrinqne
727 3718 1162 3767 cano-tomentosis
1185 3716 1263 3765 vel
1290 3716 1504 3780 rigidule
1532 3719 1822 3777 sublimatis,
1855 3721 2063 3770 caulinis
2093 3726 2262 3787 paucis
2298 3728 2476 3788 parvis,

314 3802 513 3837 racemo
554 3786 787 3849 elongato
833 3799 1026 3835 ramoso
1068 3782 1404 3848 glabriusculo
1443 3784 1520 3833 vel
1563 3786 2192 3852 glanduloso-pubescente,
2237 3792 2485 3856 pedieellis

314 3853 557 3904 solitariis
587 3852 788 3901 remotis
810 3852 978 3915 calyce
1011 3850 1194 3916 pluries
1216 3850 1545 3915 longioribus,
1584 3854 1767 3917 calycis
1788 3854 1982 3904 laciniis
2016 3855 2241 3921 oblongis
2262 3858 2478 3923 glandu-

315 3922 464 3980 losis,
505 3917 772 3968 filamentis
806 3917 1279 3982 purpureo-lanatis,
1320 3918 1526 3967 anthera
1561 3922 1789 3983 supi-enisi
1822 3921 2027 3971 minore.
2059 3930 2117 3979 (2)
2153 3925 2205 3972 in
2249 3925 2484 3975 Armenia

316 3986 572 4052 (Aucherl
613 4002 666 4034 n.
696 3987 824 4033 2371
852 3993 901 4034 et
932 3984 1102 4047 2435).
1135 3984 1385 4033 Foliorum
1410 3985 1572 4034 forma
1588 3988 1653 4035 V.
1688 3987 1990 4050 Euphratici.
2030 3989 2227 4040 Rncemi
2257 3992 2323 4040 V.
2350 3994 2483 4056 lyra-

317 4055 488 4104 tifolii.
530 4053 747 4118 Gapsuls.
775 4051 1198 4116 ovoideo—globoss
1230 4052 1397 4116 calyce
1428 4053 1672 4117 subduplo
1706 4052 1919 4118 longior.
1948 4057 2027 4118 (v.
2063 4056 2114 4105 in
2141 4057 2281 4107 herb.
2317 4059 2479 4108 Book.

314 4128 364 4173 et
397 4121 542 4183 Dc.)

430 4233 474 4276 x
1724 4210 1732 4219 ’
2130 4217 2213 4280 16
