2808 4538
250 279 625 317 mmmmm
698 258 1052 327 BORRAG
1060 228 1306 326 INEAE
1325 262 1559 349 (aucrou
1578 276 1680 327 DC.
1703 284 1752 325 et
1770 277 1964 350 ΑΠ’ῌ.
1983 264 2138 352 Dc..)
2430 263 2475 326 5

250 374 352 430 tubi
392 373 613 430 corollae
652 373 744 428 ubi
789 373 842 427 in
880 370 1093 427 faucem
1136 374 1460 445 expanditur
1500 382 1595 430 aut
1621 375 1762 431 intra
1787 382 1998 448 partem
2040 373 2348 431 inferiorem
2377 388 2473 428 an·

242 446 529 518 gustiorem
566 444 795 511 inserta,
844 442 915 499 ad
956 443 1098 499 latus
1136 443 1406 503 internum
1447 445 1562 500 basi
1609 448 1839 518 squama
1878 448 2120 519 margine
2159 444 2476 518 lanuginosa

243 518 420 573 erecta
443 516 534 572 vel
560 515 759 571 reflexa
785 521 943 571 aucta
962 557 976 584 ,
1003 530 1151 587 saepe
1181 526 1414 573 exserta.
1457 517 1710 573 Antberae
1751 519 2117 591 subglobosae.
2165 516 2348 589 Stylus
2375 516 2474 571 flli-

243 589 422 645 formis
443 631 458 657 ‚
487 586 824 658 longitudine
851 585 1164 643 staminum.
1193 589 1399 660 Stigma
1439 588 1822 660 punctil'orme‚
1854 593 2081 647 obscure
2109 588 2471 645 subbilobum.

241 662 287 715 N
291 661 462 715 uculae
481 661 533 727 4,
553 657 874 728 granulatae,
893 658 1231 730 subtrigonae,
1254 659 1369 716 basi
1392 660 1772 732 imperforatae.
1790 692 1863 703 —-
1880 663 2075 718 nerbae
2097 661 2474 717 suffrutesceu-

242 730 767 787 tesautsuffrutices
811 745 1092 801 capense5.
1129 730 1275 786 Folia
1324 748 1546 803 sparsa,
1587 733 1795 788 sessilis
1819 777 1832 801 ,
1862 734 2091 805 integra.
2217 731 2473 802 Squamae

240 804 530 859 staminum
543 802 762 857 omnino
786 818 817 857 a
835 801 1126 857 fornicibus
1144 801 1336 858 alienae
1351 846 1363 869 ‚
1383 819 1510 859 nam
1534 803 1669 859 lobis
1692 805 1904 860 corollas
1926 806 2150 860 alternae
2168 819 2269 858 nec
2286 803 2472 858 iisdem

240 874 518 946 oppositae.
548 904 591 911 -·
636 874 892 945 Squamae
920 872 1212 928 staminum
1242 890 1344 929 non
1377 890 1654 946 nunquam
1676 875 1760 945 (in
1787 877 1846 931 L.
1874 876 2166 947 stachydeo
2198 882 2252 930 et
2279 890 2471 947 argen-

241 948 351 1015 teo)
379 944 742 1005 brevissimae,
781 946 870 998 vix
896 943 1225 1016 perspicuae,
1258 946 1381 1017 pilis
1414 962 1628 1019 semper
1669 946 1874 1002 crebris
1906 948 2148 1017 margine
2188 954 2371 1016 tecm,
2418 952 2475 1000 et

240 1015 444 1097 species
473 1024 605 1071 tunc
628 1017 699 1071 ab
723 1015 900 1071 Ecbiis
926 1012 1181 1071 sectionis
1206 1024 1403 1072 nostras
1445 1018 1633 1089 primae
1675 1019 2079 1074 characteribus
2101 1017 2316 1072 difficile
2345 1017 2472 1072 dis-

240 1088 577 1154 mouendae,
612 1088 797 1142 habitu
822 1102 953 1142 vero
974 1086 1220 1142 diversae.
1249 1119 1319 1128 —
1342 1090 1563 1160 Species
1589 1089 1621 1160 ἓ
1646 1093 1666 1143 l
1706 1091 1873 1145 ramis
1920 1090 2126 1162 glabris
2157 1087 2293 1144 soliis
2324 1088 2471 1145 laevi-

238 1134 377 1231 gatis
395 1158 523 1214 hinc
552 1158 677 1214 inde
702 1157 1054 1214 tuberculatis
1080 1160 1149 1214 ad
1177 1158 1428 1215 Cerintho
1448 1168 1734 1216 accedunt.
1873 1221 1910 1251 x

241 1253 377 1342 §⁸1.
428 1264 485 1323 F
486 1262 638 1323 [ores
705 1263 996 1323 racemosi
1044 1263 1137 1323 vel
1185 1265 1856 1348 racemosa-pam'culati.
1915 1266 2092 1327 Rami
2133 1264 2478 1348 qlaberrimi

499 1343 523 1422 (
546 1346 611 1405 L.
641 1342 928 1405 Str-arez&
939 1343 1239 1425 excepto).
1264 1345 1532 1406 Stamina
1558 1346 1689 1427 plus
1717 1346 1903 1406 minus
1947 1362 2198 1408 exserta.

240 1461 284 1507 1.
330 1458 383 1507 Ι..
425 1472 750 1508 mawron-cs
794 1459 967 1519 (Buek
989 1460 1026 1507 1.
1060 1474 1104 1507 c.
1143 1475 1192 1522 p.
1232 1462 1396 1521 139),
1432 1463 1572 1509 caule
1613 1462 1847 1511 fruticoso
1886 1462 2096 1526 simplici
2141 1462 2467 1526 glaberrir'no‚

306 1527 443 1574 soliis
466 1533 610 1575 ovato
626 1541 711 1574 seu
730 1527 1254 1590 oblongo-lanceolatis
1275 1528 1464 1591 glabris
1486 1529 1707 1593 margine
1747 1534 1796 1577 et
1833 1531 2006 1577 subtus
2037 1529 2100 1576 ad
2137 1536 2320 1577 costam
2353 1530 2466 1576 setis
2533 1586 2536 1591 Ι

308 1592 414 1640 basi
439 1593 627 1640 minute
645 1592 961 1641 tuberculatis
984 1594 1240 1641 instructis
1261 1629 1273 1650 ‚
1296 1595 1498 1657 spiculis
1520 1595 1581 1641 ad
1612 1596 1798 1657 apicem
1816 1596 2203 1658 snbpaniculatis
2231 1596 2444 1657 simplici

306 1662 403 1707 bus
428 1659 723 1722 paucifloris‚
750 1660 934 1722 calycis
955 1661 1083 1708 lobis
1102 1660 1386 1709 lanceolatis
1406 1661 1602 1718 efflatis,
1620 1663 1804 1709 corolla
1827 1660 2278 1708 infundibuliformi
2300 1662 2468 1722 calyce

304 1727 460 1790 duplo
485 1727 705 1791 longiore
724 1762 737 1784 ‚
767 1727 1066 1791 genitalibus
1098 1726 1320 1775 exsertis.
1372 1731 1403 1782 t,
1451 1728 1512 1775 ad
1537 1743 1693 1790 prom.
1737 1728 1887 1777 Bonas
1912 1728 2020 1791 Spei
2059 1728 2111 1775 in
2143 1727 2465 1790 rupestribus.

302 1794 521 1842 Echium
554 1794 839 1857 laevigatum
859 1793 1004 1841 Linn.
1033 1809 1105 1856 sp.
1138 1795 1250 1841 199.
1286 1792 1493 1842 Echium
1522 1793 1744 1843 Swartzii
1780 1795 1958 1859 Drege!
1987 1794 2084 1842 litt.
2111 1795 2160 1841 b.
2194 1795 2246 1841 in
2266 1794 2333 1857 pl.
2362 1809 2464 1842 exs.

302 1875 414 1924 cap.
446 1876 544 1908 non
570 1861 710 1908 alior.
739 1859 961 1909 Thaub.!
996 1859 1047 1907 fl.
1079 1875 1187 1923 cap.
1219 1862 1331 1908 163.
1370 1861 1540 1910 Lehm.
1579 1876 1682 1924 asp.
1709 1878 1761 1908 n.
1791 1865 1906 1920 306,
1935 1863 1997 1910 ic.
2022 1876 2125 1924 asp.
2162 1868 2200 1909 t.
2229 1864 2277 1908 3.
2305 1860 2471 1910 Caulis

304 1927 605 1991 1-2-pedalis
629 1928 735 1975 basi
763 1934 889 1975 teres
919 1927 1054 1990 apice
1076 1928 1360 1992 angulatus.
1389 1929 1502 1977 Cor.
1531 1930 1916 1977 coerulescentes.
1959 1926 2181 1977 Stamina
2202 1927 2332 1976 sauci
2362 1943 2465 1977 cor.

301 1995 485 2042 inserta
509 2010 570 2043 ex
589 1995 653 2042 cl.
680 1994 845 2053 Buek,
873 1994 926 2042 in
964 1995 1143 2041 nostris
1190 2010 1213 2042 s
1306 2031 1316 2041 .
1369 1996 1529 2043 medio
1555 1996 1661 2043 tubi
1686 2031 1699 2056 ‚
1731 1996 2079 2059 appendicibus
2115 1994 2307 2043 reflexis
2329 1995 2474 2044 valde

302 2062 499 2193 ciliagis.
530 2061 787 2190 Speci1)nen
810 2060 873 2109 cl.
896 2061 1056 2124 Drege
1079 2010 1412 2123 quoaffiores
1433 2062 1627 2126 imperf.
1651 2062 1782 2111 soliis
1809 2068 1856 2110 et
1881 2064 2047 2126 calyce
2070 2062 2272 2111 omnino
2285 2076 2463 2111 conve—

300 2130 392 2176 nit.
454 2144 566 2176 v.-s.
590 2145 662 2191 sp.

233 2215 281 2260 2.
320 2213 378 2262 L.
419 2226 639 2260 casana
661 2213 679 2275 (
700 2210 840 2260 Buek
864 2212 899 2259 l.
926 2227 970 2259 c.
996 2227 1045 2275 p.
1077 2214 1230 2276 137),
1266 2212 1406 2261 caule
1428 2213 1663 2263 fruticoso
1687 2229 1878 2262 ramoso
1914 2213 2088 2277 glabro
2105 2248 2118 2273 ‚
2143 2212 2275 2261 foliis
2292 2212 2467 2261 erectis

299 2279 830 2345 angusto-lanceolatis
854 2278 1138 2328 subfalcatis
1184 2282 1339 2329 acutis
1381 2296 1533 2344 supra
1571 2282 1759 2345 glabris
1780 2280 1843 2328 ad
1867 2285 2113 2345 margines
2134 2287 2182 2329 ct
2206 2281 2377 2329 subtus
2404 2279 2468 2328 ad

299 2355 485 2396 costam
509 2363 714 2411 superne
739 2347 1184 2409 calloso-punctalis
1202 2383 1214 2406 ‚
1262 2349 1464 2411 spiculis
1509 2348 1806 2396 brevissimis
1829 2349 1878 2396 in
1902 2348 2181 2411 paniculum
2204 2355 2468 2410 angustam

300 2415 549 2479 dispositis
567 2450 579 2473 ‚
615 2415 825 2462 bracteis
848 2414 1122 2476 calycisque
1141 2415 1265 2463 lobis
1285 2415 1572 2466 lanceolatis
1590 2415 1946 2464 ciliato—setosis
1965 2423 2013 2464 et
2035 2416 2208 2463 subtus
2221 2412 2470 2462 hincinde

301 2482 555 2540 sctulosis‚
580 2480 766 2529 corolla
796 2480 966 2543 calyce
982 2479 1131 2546 duplo
1149 2489 1197 2530 et
1223 2482 1354 2530 ultra
1371 2483 1621 2546 longiore,
1654 2491 1797 2532 stam.
1839 2482 2167 2545 inaequalibus
2183 2516 2196 2540 ,
2230 2479 2466 2546 longiori·

298 2551 393 2597 bus
421 2549 649 2613 styloque
690 2547 912 2596 exsertis.
945 2546 977 2612 5
1005 2547 1068 2596 ad
1090 2549 1208 2612 Cap.
1236 2549 1387 2598 Bonae
1420 2549 1563 2613 Spei,
1590 2557 1757 2598 monte
1784 2549 2026 2598 Tabulari
2051 2547 2299 2610 (EcklonE
2325 2549 2376 2596 in
2407 2547 2460 2595 h.

299 2617 436 2665 Dun.
458 2621 471 2674 >
498 2623 545 2664 et
568 2613 1021 2662 Onderbokkeweld
1044 2613 1261 2679 (Dregel
1282 2617 1319 2679 ).
1334 2615 1456 2664 Eeb.
1479 2615 1716 2664 falcatum
1738 2616 1878 2666 Lam.
1901 2616 1975 2664 ill.
1997 2631 2048 2663 n.
2083 2616 2229 2664 1864.
2255 2615 2467 2663 Echium

300 2684 532 2746 glabrum
550 2681 685 2730 Vahl
709 2681 869 2743 symb.
901 2685 948 2728 3.
977 2698 1026 2745 p.
1054 2684 1137 2729 22.
1164 2682 1334 2731 Lehm.
1361 2699 1463 2746 asp.
1488 2699 1539 2731 n.
1567 2685 1682 2730 309.
1706 2684 1770 2732 ic.
1803 2690 1840 2731 t.
1867 2686 1932 2730 26
1952 2718 1964 2742 ‚
1992 2698 2090 2731 non
2117 2682 2315 2731 Thunb.
2341 2681 2463 2729 1⁴:011.

300 2749 473 2798 Vahlii
497 2750 656 2798 Roem.
683 2755 733 2796 et
761 2747 873 2796 Sch.
902 2756 1023 2811 syst.
1068 2750 1116 2796 4.
1143 2765 1191 2813 p.
1225 2751 1287 2798 14
1309 2757 1357 2798 et
1385 2751 1500 2798 715.
1529 2750 1665 2798 Folia
1697 2750 1988 2799 virescentia
2012 2763 2102 2798 nec
2118 2749 2313 2812 glauca.
2347 2747 2462 2797 Cor.

302 2817 426 2865 nlbae
444 2853 458 2876 ‚
487 2820 574 2863 5·6
595 2816 686 2864 lin.
709 2815 893 2876 longae.
926 2814 1078 2863 Stam.
1106 2831 1133 2864 e
1155 2816 1316 2864 medio
1342 2818 1447 2865 tubi
1468 2823 1606 2876 orta,
1644 2816 1896 2880 appendic.
1925 2817 2153 2864 brevibus
2176 2816 2466 2864 erectiuscu-

301 2883 363 2930 lis
384 2883 527 2931 valde
549 2882 747 2930 ciliatis.
774 2883 853 2943 (ν.
887 2897 926 2930 s.
951 2897 1012 2930 ex
1031 2883 1144 2931 coll.
1173 2883 1325 2948 Dreg.
1351 2887 1369 2947 )

235 2967 283 3012 3.
322 2966 380 3014 L.
421 2977 893 3014 euncormrmms
919 2965 1092 3024 (Buek
1116 2966 1150 3014 1.
1173 2981 1217 3014 c.
1242 2983 1289 3030 p.
1316 2969 1444 3026 138)
1465 3002 1478 3026 ,
1508 2967 1646 3015 caule
1667 2966 1901 3015 fruticoso
1924 2981 2117 3014 ramoso
2141 2963 2461 3028 glaber-rimo,

232 3085 236 3089 ,
300 3033 510 3081 ramulis
555 3033 690 3096 apice
734 3032 1076 3095 subangulatis
1096 3068 1108 3092 ‚
1144 3032 1276 3082 foliis
1312 3034 1487 3083 erectis
1531 3033 1817 3081 lanceolatis
1862 3033 2020 3079 acutis
2057 3032 2243 3096 glabris
2277 3031 2467 3093 glaucis

303 3100 530 3163 margine
572 3099 956 3147 calloso-scabris
977 3134 989 3158 ‚
1017 3098 1218 3162 spiculis
1262 3100 1426 3148 bifidis
1456 3100 1745 3159 brac-testis,
1787 3098 1972 3161 calycis
2012 3098 2140 3147 lobis
2177 3097 2466 3145 lanceolatis

304 3165 533 3227 margine
566 3165 1017 3229 calloso-punctatis
1040 3166 1225 3214 corolla
1256 3167 1459 3215 dimidio
1488 3167 1814 3226 brevioribus,
1843 3164 2044 3213 stamin.
2083 3164 2270 3214 corolla
2291 3178 2466 3225 parum

302 3232 631 3296 longioribus.
676 3235 708 3293 ᾖ
756 3233 820 3280 ad
851 3232 1010 3295 Caput
1054 3233 1203 3281 Bonae
1243 3233 1354 3296 Spei
1397 3242 1553 3282 mont.
1601 3232 1803 3282 Tabulae
1844 3231 2040 3294 (Enim
2065 3233 2083 3294 )
2107 3239 2155 3280 et
2185 3232 2316 3279 circa
2359 3230 2460 3278 Ve-

301 3298 610 3347 rakeelkraal
632 3299 652 3360 (
670 3299 859 3362 Drege!
883 3300 918 3360 ).
957 3298 1164 3347 Ecbium
1198 3301 1604 3364 glaucophyllum
1633 3300 1769 3348 Pera.
1798 3298 1939 3347 ench.
1983 3301 2028 3347 1.
2060 3315 2108 3362 p.
2141 3300 2253 3347 163.
2287 3297 2460 3348 Lehm.

302 3381 406 3429 asp.
450 3381 504 3414 n.
549 3369 666 3414 305.
715 3367 860 3428 Jacq.
897 3367 959 3414 ic.
988 3381 1088 3413 rar.
1131 3373 1168 3415 t.
1197 3370 1313 3415 312.
1359 3367 1520 3416 Andr.
1546 3368 1648 3415 bot.
1696 3383 1797 3430 rep.
1833 3375 1871 3413 t.
1903 3368 2018 3414 165.
2067 3366 2188 3415 Ech.
2235 3364 2464 3429 glabrum

300 3433 501 3481 Thunb.
522 3432 573 3479 fl.
601 3449 710 3496 cap.
738 3449 786 3496 p.
812 3435 906 3480 163
931 3449 1029 3481 non
1045 3433 1195 3481 Vahl.
1224 3433 1346 3482 Eeb.
1373 3435 1657 3498 laevigatum
1677 3434 1815 3482 Lam.
1834 3433 1908 3481 ill.
1936 3449 1988 3480 n.
2021 3435 2167 3493 1863,
2189 3447 2289 3480 non
2313 3431 2460 3482 Linu-

298 3500 409 3548 Cor.
452 3499 635 3563 pallide
678 3500 927 3548 violaoeae.
975 3500 1142 3563 Stylus
1182 3501 1476 3549 staminibus
1509 3502 1708 3565 longior
1751 3501 1957 3563 pilosus.
2008 3500 2260 3565 Specimen
2301 3513 2466 3549 meum

300 3565 662 3614 Ecklonianutn
688 3581 802 3614 cum
823 3566 1047 3615 iconibus
1070 3567 1299 3615 convenit
1319 3602 1332 3626 ,
1358 3568 1442 3616 sed
1463 3568 1775 3630 Dregeanum
1817 3566 1938 3614 solia
1976 3568 2268 3632 angustiora
2303 3568 2466 3630 magis

298 3640 459 3682 erecta
476 3640 526 3681 et
552 3639 699 3681 acuta
713 3632 912 3682 exhibet
925 3649 1071 3696 quam
1096 3635 1161 3682 ie.
1187 3635 1350 3682 citatae
1370 3649 1432 3683 ex
1462 3636 1659 3698 specim.
1685 3634 1998 3683 hortensibus
2020 3635 2202 3697 petitoe.
2226 3634 2307 3695 (v.
2339 3636 2411 3696 s.)

232 3717 283 3762 4.
321 3715 379 3764 L.
417 3714 693 3764 Swm‘rzn
719 3716 735 3776 (
758 3714 897 3763 Buek
935 3714 970 3762 1.
998 3731 1044 3776 c.
1062 3731 1110 3779 p.
1141 3717 1233 3763 137
1261 3716 1279 3780 )
1303 3751 1315 3776 ,
1344 3716 1484 3765 caule
1514 3716 1748 3764 fruticoso
1781 3731 1988 3780 superne
2021 3730 2215 3765 ramoso
2248 3714 2425 3779 glabro
2446 3751 2460 3776 ,

299 3782 451 3830 ramis
486 3782 672 3830 strictis
695 3782 1167 3845 compressiusculis‚
1195 3783 1313 3845 pilis
1360 3783 1604 3846 adpressis
1632 3783 1757 3831 raris
1799 3799 2004 3846 superne
2054 3782 2459 3847 pubescentibus,

301 3849 432 3897 foliis
470 3849 955 3897 lineari-lanceolatis
994 3850 1288 3898 acuminatis
1326 3852 1514 3913 glabris
1551 3851 1774 3913 margine
1793 3858 1840 3899 et
1865 3851 2025 3898 rarius
2048 3851 2220 3899 subtus
2258 3848 2466 3898 calloso-

298 3917 576 3979 punctulus,
597 3915 884 3979 junioribus
907 3914 1168 3980 hispidulis
1202 3916 1410 3975 ciliatis,
1455 3918 1657 3981 spiculis
1682 3918 2021 3965 terminalibus
2058 3918 2132 3965 bi·
2173 3915 2248 3964 vel
2289 3913 2465 3965 trifidis

301 3981 583 4046 paucifloris
604 4018 616 4041 ‚
643 3983 853 4030 bracteis
879 3983 1158 4046 calycisqne
1197 3984 1325 4032 lobis
1366 3985 1650 4034 lanceolatis
1688 3984 2048 4048 pilosiuwulis,
2082 3983 2266 4032 corolla
2296 3983 2464 4044 calyce

300 4049 446 4113 duplo
482 4049 743 4113 longiore,
789 4050 985 4098 stamin.
1017 4051 1239 4099 exsertis.
1284 4057 1317 4110 ,ὁ
1362 4052 1415 4099 in
1461 4052 1579 4117 Cap.
1620 4052 1770 4101 Bonae
1812 4051 1922 4114 Spei
1965 4050 2212 4112 (Lehm).
2253 4047 2462 4099 Echium

301 4115 521 4165 Swartzii
545 4115 725 4165 Lehm.
752 4131 854 4180 asp.
883 4134 932 4182 p.
959 4120 1074 4166 308.
1102 4119 1164 4166 ic.
1198 4124 1236 4166 t.
1268 4115 1348 4167 16.
1375 4119 1534 4168 Roem.
1560 4125 1610 4168 et
1632 4118 1746 4167 Sch.
1770 4125 1888 4181 syst.
1917 4119 1967 4165 4.
1999 4133 2048 4179 p.
2078 4118 2194 4163 714.
2219 4113 2341 4164 Ech.
2369 4130 2460 4160 an·

299 4183 615 4248 gustifolium
638 4182 821 4233 Swartz
840 4185 891 4234 iu
914 4184 1013 4233 litt.
1040 4184 1238 4234 Thunb.
1268 4185 1319 4234 fl.
1351 4200 1459 4248 cap.
1495 4185 1572 4235 ed.
1597 4184 1786 4236 Schult.
1812 4200 1858 4246 p.
1897 4180 1981 4230 16.
2003 4187 2051 4239 3,
2079 4196 2179 4230 non
2199 4179 2341 4228 Iam.
2369 4192 2461 4226 neo
