2808 4538
243 328 545 368 mom...
631 295 1516 372 SCROPHULARIACEAE
1564 307 1813 395 (moron
1835 313 2073 376 ΒΕΝΤΗ,
2097 305 2139 394 ).
2279 285 2284 289 ’
2345 303 2499 386 463ο

379 429 429 493 β.
467 424 771 481 αηριιεεέῐοιία
788 457 800 481 ,
843 420 984 471 caule
1007 419 1281 469 herbaceo?
1320 422 1455 470 foliis
1497 423 2008 484 lineari—lanceolam,
2035 438 2149 474 cum
2177 423 2479 486 praecedente

442 489 543 553 leg.
570 487 914 536 Dieffenbach!
945 490 1025 550 (v.
1053 487 1108 536 111
1131 487 1271 544 herb.
1301 489 1491 551 Hook.)

248 589 293 670 S
335 593 389 651 ll.
442 585 720 647 Labiatae.
750 620 828 631 —
859 584 1073 647 Herboe
1113 586 1246 665 (vel
1271 586 1687 666 suffratices?)
1729 590 2144 652 Austratasicae
2170 588 2262 651 vel
2288 592 2477 654 Novo-

328 665 714 727 Zeelandicoe.
748 665 916 726 Folia
949 666 1324 747 a‘nteqerrima
1377 667 1467 728 vel
1510 668 1724 751 scepius
1755 685 1987 731 serraca
2014 717 2037 742 ‚
2066 670 2475 742 crossia-scula,

332 744 706 827 ymber-rima,
739 744 868 806 basi
889 763 1045 827 soepe
1080 747 1457 827 plum'nervia.
1492 749 1737 809 Racemi
1756 750 2041 810 amilcare:
2067 749 2280 826 soepius
2309 750 2474 810 elon-

329 826 470 907 qati.
516 825 768 888 Corotlae
822 825 987 886 tubus
1034 826 1219 887 brevis
1239 874 1262 899 ,
1311 826 1472 888 limbi
1517 827 1742 889 lacinioe
1785 844 2066 911 patentes.
2127 829 2399 910 Capsuloe
2438 850 2477 891 a

335 907 520 966 latere
547 922 891 986 compressae
910 953 934 978 ,
963 905 1179 967 obtusa·
1200 907 1292 968 vel
1314 908 1720 989 emarqinatcc,
1754 910 1951 970 rarius
1979 908 2366 971 acutiusculoe.

255 1021 338 1067 24.
374 1019 442 1068 V.
482 1031 830 1067 ruamusra
854 1019 968 1080 (Bt.
997 1020 1163 1082 prodr.
1190 1037 1241 1085 p.
1265 1022 1417 1084 434),
1440 1021 1598 1081 elata,
1633 1023 1956 1085 glaber-rima,
1989 1024 2197 1087 glauca,
2232 1023 2364 1073 foliis
2385 1025 2482 1073 late

325 1087 479 1134 ovatis
503 1092 644 1134 acute
666 1086 957 1134 acuminatis
983 1086 1087 1134 basi
1107 1087 1331 1136 connatis
1349 1088 1679 1152 integerrimis
1701 1090 1777 1138 vel
1800 1105 1966 1153 grosse
1988 1091 2307 1139 2-3-dentatis
2330 1090 2482 1153 pluri·

323 1153 529 1211 nerviis,
557 1152 763 1200 racemis
787 1151 1117 1216 longissimis,
1145 1154 1342 1202 corollae
1359 1155 1541 1202 lacinia
1564 1156 1809 1219 superiore
1829 1158 1929 1204 lata
1951 1158 2258 1221 emarginat&
2281 1156 2481 1206 inforio-

325 1220 462 1267 ribus
498 1219 704 1267 obtusis.
750 1215 820 1282 26
838 1220 870 1282 ἦ
919 1219 972 1267 111
997 1218 1251 1268 Australist
1273 1219 1501 1269 orientali
1523 1227 1658 1270 trans
1688 1230 1877 1270 montes
1913 1222 2161 1272 Coeruleos
2192 1223 2353 1274 rarius
2381 1223 2482 1284 (A.

325 1285 701 1349 vuaningham!
731 1285 936 1335 Fraser!
993 1312 1061 1323 —·
1088 1287 1214 1335 Sims
1255 1288 1356 1336 bot.
1400 1302 1534 1352 mag.
1562 1294 1599 1335 t.
1629 1290 1777 1337 1936.
1808 1287 1966 1337 Lodd.
2013 1291 2117 1339 bot.
2153 1291 2262 1338 cab.
2299 1297 2337 1338 t.
2364 1292 2480 1338 781.

327 1352 505 1401 Caules
534 1352 859 1416 pluripedales
877 1389 888 1411 ,
965 1354 1136 1401 exuosi
1152 1389 1164 1412 ,
1191 1353 1275 1401 vix
1314 1361 1477 1402 tamen
1522 1354 1747 1403 fruticosi
1781 1355 2032 1403 dicuntur.
2056 1356 2197 1404 Folia
2218 1359 2334 1418 1-;--2
2360 1357 2480 1419 poll.

328 1420 504 1483 longa,
528 1419 644 1481 1-13-
669 1420 785 1482 poll.
811 1419 938 1477 lata,
968 1420 1264 1478 5-7·nervia‚
1293 1421 1461 1468 omnia
1479 1422 1586 1470 basi
1611 1428 1838 1470 connata.
1867 1422 2064 1470 Racemi
2086 1423 2399 1484 semipedales
2421 1423 2483 1471 ad

325 1485 543 1549 pedales.
573 1486 740 1534 Flores
769 1485 1031 1549 majusculi
1059 1487 1268 1534 breviter
1292 1487 1583 1550 pedicellati.
1611 1488 1768 1551 Calyx
1796 1492 1828 1535 2
1852 1487 1943 1536 lin.
1972 1489 2181 1552 longus,
2222 1489 2485 1550 segmentis

327 1553 806 1601 lineari-lanceolatis
839 1554 1012 1600 acutis.
1041 1553 1263 1601 Stamina
1285 1554 1480 1618 brevia,
1511 1555 1729 1602 antheris
1764 1555 1960 1618 magnis
2003 1555 2244 1618 oblongis.
2274 1556 2487 1617 Capsula

329 1627 491 1667 acuta.
514 1619 710 1667 Semina
730 1618 884 1672 dorso,
895 1634 1113 1668 convexa
1131 1656 1143 1677 ‚
1169 1620 1328 1668 medio
1348 1619 1795 1684 echinato-rugosa.
1826 1621 1893 1684 (V.
1921 1623 1988 1680 s.)

261 1703 343 1749 25.
382 1699 449 1749 V.
477 1713 907 1760 mennromxm,
933 1702 1078 1760 elata,
1102 1701 1414 1766 glaber-rima,
1437 1704 1630 1765 glauca,
1659 1703 1794 1752 foliis
1819 1703 2090 1752 late-ovatis
2112 1704 2186 1751 vel
2211 1704 2485 1752 ovato-lan-

329 1766 528 1816 eeolatis
560 1767 856 1816 acutissimis
887 1766 1217 1830 integerrimis
1245 1770 1322 1816 vel
1355 1785 1522 1832 grosse
1558 1769 1879 1818 2-3-dentatis
1912 1770 2015 1818 basi
2052 1770 2487 1831 amplexicanlibus

332 1836 460 1883 inter
482 1850 533 1883 se
556 1834 798 1882 distinctis
815 1834 1145 1898 plurinerviis‚
1161 1835 1364 1883 racemis
1386 1836 1644 1899 elongatis,
1662 1837 1858 1885 corollae
1876 1837 2057 1885 lacinia
2079 1838 2324 1898 superiore
2345 1841 2490 1886 ovata

332 1901 534 1958 obtusa,
578 1900 889 1949 inferioribus
936 1901 1112 1949 acutis.
1153 1898 1222 1964 26
1256 1902 1308 1949 in
1347 1903 1616 1950 Australiae
1671 1903 1923 1951 orientalis
1963 1903 2212 1951 montibus
2253 1899 2489 1952 Coeruleis

337 1968 424 2030 (R.
450 1966 800 2030 Cunningbam
818 1967 880 2028 1).
908 1967 972 2015 V.
1005 1967 1273 2030 pei-foliatae
1294 1968 1471 2016 similis
1494 1975 1542 2016 et
1564 1968 1688 2016 sorte
1707 1969 1813 2031 ejus
1828 1967 2058 2027 varietas,
2081 1968 2164 2017 sed
2186 1969 2238 2016 in
2262 1970 2490 2018 omnibus

335 2049 445 2096 quae
467 2033 570 2080 vidi
592 2034 937 2096 speciminibus
956 2034 1074 2082 folia
1101 2034 1258 2082 libera
1277 2041 1326 2082 et
1349 2036 1548 2083 corollae
1571 2037 1828 2084 acutiores.
1859 2038 1926 2099 (v.
1954 2041 2019 2094 s.)

267 2116 351 2162 26.
391 2114 458 2162 V.
489 2126 730 2162 maura
758 2116 861 2176 (Br.
896 2114 1062 2177 prodr.
1095 2130 1142 2177 p.
1169 2115 1307 2177 434),
1336 2116 1479 2174 elata,
1508 2116 1807 2180 glaber-rima
1825 2117 1902 2164 vel
1925 2116 2113 2164 minute
2146 2117 2398 2180 puberula‚
2421 2117 2493 2165 fo·
2577 2134 2581 2137 ’
2642 2101 2647 2104 ”

337 2182 418 2228 liis
452 2181 794 2229 subsessilibus
826 2182 1109 2229 lanceolatis
1135 2182 1212 2230 vel
1244 2182 1698 2232 ovato-lanceolatis
1729 2184 2023 2232 acuminatis
2052 2183 2249 2232 serratis
2269 2184 2496 2231 sub-343-

338 2248 539 2306 nerviiS‚
567 2248 771 2296 racemis
797 2247 846 2295 in
873 2248 1038 2297 axillis
1074 2247 1404 2312 superioribus
1429 2249 1670 2313 elongatis
1695 2248 1995 2309 munitioris,
2026 2249 2209 2314 calycis
2231 2252 2496 2316 segmentis

337 2314 874 2364 lanceolato-subnlatis
908 2315 1104 2363 corollae
1136 2316 1310 2363 tubum
1344 2318 1702 2379 superantibus,
1740 2318 1937 2380 capsula
1972 2321 2114 2366 ovata
2141 2318 2492 2367 obtusiusculss.

338 2379 409 2445 ‘26
429 2384 484 2430 in
505 2380 771 2430 Australiae
794 2380 1236 2431 austro-orientalis
1257 2389 1303 2430 ct
1325 2383 1638 2431 Tasmanniae
1661 2383 1880 2431 humidis
1903 2383 1965 2432 ad
1989 2384 2119 2433 rivos
2142 2390 2235 2432 etc.
2257 2384 2339 2446 (A.
2365 2385 2495 2434 Cun-

342 2448 609 2512 ningham!
629 2449 779 2497 Gunn
803 2448 945 2496 111.2.
968 2454 1060 2497 etc.
1089 2451 1188 2509 )—-
1214 2448 1323 2498 Bot.
1347 2465 1481 2512 mag.
1497 2456 1533 2498 t.
1563 2450 1781 2498 3461.v.
1804 2450 2067 2499 Derwentii
2089 2450 2248 2499 Andr.
2268 2451 2368 2499 bot.
2390 2466 2495 2514 rep.

343 2524 380 2563 t.
413 2516 528 2563 531.
566 2515 739 2563 Caules
786 2515 922 2569 alati,
956 2520 1142 2564 teretes.
1191 2516 1330 2564 Folia
1359 2516 1633 2575 variabilia,
1658 2518 1748 2562 2-5
1774 2516 1890 2579 poll.
1924 2517 2090 2581 longa,
2107 2518 2225 2565 6-18
2254 2518 2343 2566 liu.
2365 2518 2495 2575 lata,

343 2585 478 2630 costa
498 2581 659 2628 media
679 2580 856 2641 validis,
883 2580 1169 2631 lateralibus
1191 2583 1420 2644 utrinque
1442 2584 1526 2629 1-2
1548 2582 1711 2630 minus
1735 2580 2026 2646 conspicuis.
2052 2584 2249 2633 Racemi
2270 2588 2355 2633 3-5
2377 2580 2497 2647 poll.
2554 2621 2567 2637 .,

345 2648 502 2713 101131,
528 2647 811 2695 floribundi.
838 2648 1045 2697 Corollae
1068 2649 1355 2712 majusculas
1376 2649 1573 2698 laciniis
1594 2650 1766 2698 acutis.
1796 2656 1865 2711 (v.
1893 2651 1955 2712 s.)

279 2733 339 2777 27
357 2730 382 2777 ἱ)
415 2730 481 2779 V.
510 2743 792 2783 ARBNARLA
813 2732 904 2794 (A.
937 2732 1117 2781 Quum!
1144 2734 1300 2793 msa),
1319 2733 1511 2796 glabra,
1538 2734 1687 2781 ramis
1707 2734 1929 2797 virgatis,
1951 2733 2083 2781 foliis
2107 2733 2504 2783 lineari-lanceo-

349 2798 463 2846 latis
486 2797 847 2861 paucidentatis
871 2798 1293 2862 integer-rimisque
1320 2800 1662 2848 crassiusculis
1690 2800 1993 2858 1-3-nerviis,
2029 2801 2232 2848 racemis
2259 2800 2313 2847 in
2338 2800 2506 2847 axillis

349 2866 588 2927 supremis
608 2864 685 2912 vel
709 2865 1046 2913 terminalibus
1068 2865 1308 2929 elongatis
1331 2866 1555 2931 virgatis,
1598 2867 1780 2931 calycis
1807 2867 2068 2930 segmentis
2090 2866 2373 2914 lanceolatis
2395 2880 2509 2914 acu-

351 2932 415 2979 tis
447 2931 647 2980 corollae
679 2933 853 2979 tubum
890 2932 1248 2995 superantibus,
1286 2934 1485 2996 capsula
1512 2933 1789 2981 obcordatss.
1818 2930 1915 2995 25?
1941 2933 2015 2980 vel
2048 2931 2119 2996 5?
2152 2933 2202 2979 in
2240 2932 2507 2980 Australioe

351 2998 602 3046 orientalis
639 2998 951 3046 interioribus
978 2999 1040 3047 ad
1073 2998 1210 3047 flum.
1236 2998 1532 3064 Cugeegong
1557 3000 1646 3061 (A.
1670 2999 2015 3060 Cunningham
2033 2997 2044 3045 l
2064 3004 2097 3045 1.
2122 2999 2298 3046 Planta
2320 2998 2510 3046 videtur

353 3064 716 3127 sesquipedalis.
740 3065 879 3113 Folia
905 3066 1151 3129 1-13-p011.
1182 3067 1350 3129 longa,
1382 3068 1469 3115 vix
1492 3068 1625 3115 linea
1644 3067 1840 3114 latiora.
1866 3066 2034 3114 Flores
2054 3064 2319 3119 numerosi,
2345 3064 2507 3112 brevi·

353 3138 427 3179 ter
460 3131 754 3193 pedicellati.
793 3131 1002 3181 Corollae
1032 3132 1225 3180 laciniae
1257 3132 1511 3181 inferiores
1539 3132 1852 3191 acutissimis,
1885 3133 1916 3179 4
1952 3132 2044 3180 lin.
2085 3132 2261 3195 longae.
2300 3130 2511 3194 Capsula

353 3197 438 3244 vix
463 3200 496 3244 2
524 3198 613 3245 lin.
641 3199 808 3262 longa,
834 3213 1126 3261 compressa,
1154 3199 1239 3247 vix
1263 3200 1360 3247 nisi
1391 3206 1501 3263 post
1536 3203 1724 3247 semina
1747 3198 1945 3262 delapsa
1973 3199 2287 3261 bipartibilis.
2317 3197 2512 3247 Semina

355 3279 528 3326 panca,
546 3266 766 3323 momen,
788 3266 932 3314 laevia
956 3266 1024 3328 (v.
1049 3281 1091 3313 s.
1114 3280 1292 3314 comm.
1328 3280 1358 3314 a
1380 3267 1446 3314 cl.
1469 3265 1861 3329 Cunningham.)

288 3362 472 3418 Sectio
509 3378 571 3418 11.
613 3363 958 3420 Laeni-tom.
986 3395 1058 3406 —
1083 3364 1398 3435 Leptandra
1425 3364 1590 3420 Nalt.
1618 3393 1690 3405 —
1713 3360 2029 3489 Eustachla
2062 3366 2116 3416 et
2146 3361 2513 3435 Callistachya

814 3436 1000 3509 Rasin.
1039 3468 1082 3474 -
1124 3434 1423 3491 Paederotae
1446 3451 1530 3506 sp.
1564 3436 1637 3490 R.
1660 3436 1794 3490 Bra?
1822 3433 1955 3491 End
1985 3474 1998 3489 .

357 3538 537 3586 Herboe
570 3539 730 3598 elatae,
760 3554 1010 3601 perennes.
1038 3538 1178 3587 Folia
1201 3539 1438 3602 opposita,
1480 3536 1770 3586 verticillata
1790 3538 1870 3586 vel
1901 3552 2084 3601 sparsa.
2124 3534 2321 3585 Racemi
2353 3537 2517 3586 termi-

291 3604 447 3662 nales,
474 3605 681 3653 solitarii
705 3607 781 3654 vel
803 3607 964 3669 plures
986 3607 1366 3670 subpaniculati‚
1393 3605 1628 3670 elongati,
1654 3604 1929 3662 multiflori,
1955 3604 2058 3652 laxi
2074 3604 2149 3653 vel
2172 3604 2517 3668 spicaeformes.

290 3672 511 3720 Bracteae
532 3686 712 3735 parvas.
730 3673 887 3736 Calyx
908 3672 1176 3736 saepissime
1198 3673 1398 3720 4-fidns.
1423 3672 1630 3720 Corollae
1654 3672 1799 3719 tubus
1821 3671 1974 3720 limbo
1993 3687 2081 3720 suo
2104 3678 2151 3719 et
2175 3671 2340 3735 calyce
2361 3672 2520 3720 multo

292 3739 509 3802 longior.
538 3738 754 3802 Capsula
782 3746 928 3788 ovata
949 3741 1024 3787 vel
1055 3740 1287 3803 oblonga,
1317 3741 1492 3787 obtusa
1514 3739 1590 3786 vel
1616 3738 1943 3802 emarginata,
1971 3753 2001 3785 a
2022 3738 2173 3786 latere
2190 3738 2362 3785 leviter
2384 3753 2517 3786 com-

295 3820 476 3869 pressa,
502 3806 714 3853 breviter
739 3806 993 3854 loculicide
1017 3805 1286 3865 dehiscens,
1312 3806 1520 3853 valvulis
1550 3805 1710 3852 medio
1731 3806 1972 3853 columnae
2004 3805 2330 3868 placentiferae
2350 3804 2519 3852 adhae-

293 3872 535 3921 rentibus.
555 3900 621 3908 -
641 3872 832 3935 Species
852 3873 1370 3921 Boreali-Americanae
1394 3872 1468 3919 vel
1493 3870 1714 3919 Sibiricae
1740 3886 1770 3919 a
1788 3870 2042 3919 Paederotss
2062 3870 2231 3919 habitu
2254 3877 2302 3919 et
2324 3871 2522 3920 corolloe

293 3939 450 3988 limbo
471 3944 686 4002 patente,
720 3954 752 3987 a
775 3939 1269 4002 Pseudolysimachiis
1292 3939 1489 3988 corolloe
1512 3938 1629 3986 tubo
1652 3938 1874 4001 longiore
1898 3936 2145 3985 differunt.

229 4054 264 4065 ‘-
297 4038 388 4086 28.
422 4035 488 4083 V.
528 4036 835 4084 Vnmnucs
853 4035 1042 4099 (Linn.!
1072 4050 1202 4099 spec.
1225 4052 1275 4099 p.
1301 4038 1399 4097 13),
1421 4042 1596 4095 erecta,
1620 4034 1765 4093 elata,
1789 4035 1964 4098 glabra
1988 4034 2065 4082 vel
2084 4034 2368 4095 pubescens,
2392 4029 2523 4079 foliis

366 4103 584 4151 breviter
607 4102 852 4167 petiolatis
875 4104 960 4150 4-6
987 4102 1136 4151 simul
1159 4103 1465 4151 verticillatis
1492 4118 1555 4149 ex
1577 4108 1720 4151 ovato
1742 4102 2025 4149 lanceolatis
2050 4100 2126 4146 vel
2150 4096 2523 4172 1011110111)οειηί-

365 4169 660 4220 lanceolatis
691 4169 849 4220 acutis
872 4169 1085 4230 serratis,
1115 4170 1258 4235 spicis
1281 4169 1526 4234 elongatis
1548 4168 1724 4233 saepius
1744 4168 1984 4232 pluribus,
2010 4165 2212 4227 floribus
2234 4168 2363 4211 arcte
2384 4174 2523 4209 sesot-
