2808 4538
291 328 580 369 mmun.
670 306 1566 375 SCROPHULARIACEAE
1612 308 1869 397 (Aneros
1900 319 2139 371 BENTH.
2164 310 2206 400 )·.
2392 310 2522 376 421

364 420 590 470 Gratiola
609 422 869 471 ruelloides
889 422 1034 472 Koen.
1057 421 1190 470 Vahl
1212 436 1379 470 enum.
1407 421 1516 486 1.p.
1532 425 1613 470 99.
1637 426 1876 488 Bonnaya
1891 426 2152 474 ruelloides
2176 424 2382 488 Spreng.
2406 432 2526 487 syst.

366 489 413 535 1.
429 503 477 551 p.
500 489 585 537 41.
604 488 829 538 Gratiola
848 488 1017 538 oiliata
1039 487 1253 537 Coum?
1275 488 1410 537 vahl
1432 504 1597 537 enum.
1630 492 1676 539 1.
1703 507 1756 554 Ρ.
1782 494 1862 539 97.
1880 493 2120 555 Bonnaya
2132 492 2305 541 ciliata
2318 491 2527 556 Spreng.

364 560 485 616 syst.
512 556 559 602 1.
584 571 633 618 p.
659 556 743 604 41.
765 555 1007 605 Henkelia
1024 555 1420 618 Roxburghiana
1439 555 1568 604 Link
1587 557 1745 605 Schw.
1773 565 1821 607 et
1837 558 1994 606 Dietr.
2018 574 2146 622 spec.
2172 558 2240 620 pl.
2260 558 2307 605 1.
2336 572 2388 619 p.
2408 560 2524 604 572.

363 620 540 669 Caules
563 623 779 686 elongati
803 623 866 670 ad
887 621 1041 670 nodos
1064 620 1363 677 radicantes,
1395 620 1512 670 hino
1535 623 1649 671 inde
1671 639 1833 672 ramos
1867 624 2106 674 floriferos
2145 626 2378 673 emittunt
2415 624 2530 671 sub-

362 693 546 734 erectos
567 688 950 751 2-6-pollicares.
968 686 1108 737 Folia
1120 703 1267 750 quam
1286 688 1336 735 in
1358 689 1420 735 B.
1444 688 1698 737 brachiata
1720 690 1911 753 majora
1924 691 2100 739 latiora
2108 696 2157 738 et
2173 704 2361 754 semper
2377 692 2531 752 petio-

364 753 483 800 lata.
507 753 674 803 flores
704 754 854 818 duplo
882 753 1110 816 majores.
1142 755 1179 802 F
1182 754 1418 802 ilamenta
1440 754 1629 803 sterilia
1648 757 1785 819 apice
1811 757 2027 806 hamata.
2061 757 2287 820 capsulae
2310 771 2459 819 qnam
2478 757 2532 804 in

364 818 423 867 B.
449 820 704 868 brachiatii
726 821 983 870 crassiores
1000 855 1014 880 ‚
1044 821 1161 868 6-12
1195 821 1284 868 lin.
1309 820 1488 884 longae-
1526 824 1606 884 (v.
1631 825 1704 884 s.)

226 946 257 959 f
296 903 350 948 3.
387 898 446 950 B.
473 916 935 953 VBBomcAEromA
957 904 1195 968 (Spreug.
1217 910 1339 981 syst.
1370 905 1418 952 1.
1447 920 1495 968 p.
1522 906 1647 969 41),
1675 907 1815 956 caule
1837 907 1945 957 basi
1978 907 2297 957 decumbente
2318 906 2398 954 vel
2418 921 2525 969 rep-

366 973 525 1025 tante,
552 970 700 1018 ramis
724 970 953 1020 floriferis
976 970 1416 1027 adscendentibus,
1450 970 1585 1019 foliis
1623 974 1967 1023 subsessilibus
1996 975 2105 1023 basi
2138 972 2413 1038 angustatis
2454 974 2530 1021 vel
2623 1000 2642 1011 -

365 1033 681 1085 inferioribus
707 1037 952 1100 petiolatis
988 1039 1216 1100 oblongis
1259 1036 1605 1087 crassiusculis
1649 1046 1825 1103 argute
1861 1042 2061 1090 serratis
2096 1041 2175 1089 vel
2213 1038 2532 1088 inferioribus

366 1101 816 1165 subintegerrimis,
844 1103 1048 1152 floribus
1074 1103 1364 1160 racemosis‚
1392 1105 1610 1167 capsulis
1640 1108 2101 1170 erecto-patentibus
2136 1107 2304 1169 calyce
2337 1106 2529 1169 2·3·plo

367 1167 692 1231 longioribus.
717 1165 859 1237 (Diu
892 1170 1035 1218 ludia
1077 1169 1302 1219 orientali
1346 1169 1446 1218 fere
1489 1173 1592 1219 tota
1633 1172 1846 1235 (Wight
1871 1174 1883 1221 l
1910 1174 2048 1222 herb.
2094 1174 2225 1222 2194
2249 1208 2262 1225 .
2283 1171 2455 1221 wath!
2491 1172 2531 1234 ).

367 1233 594 1283 Gratiola
617 1237 974 1285 veronicaesolia
1017 1237 1134 1285 Retz
1166 1237 1270 1285 obs.
1294 1238 1345 1284 4.
1373 1252 1423 1300 p.
1446 1238 1496 1283 8.
1530 1237 1690 1286 Roxb.
1734 1241 1801 1302 pl.
1832 1255 2016 1289 eorom.
2039 1243 2089 1286 2.
2131 1256 2179 1303 p.
2217 1242 2300 1287 30.
2332 1245 2370 1285 t.
2415 1238 2530 1287 154.

367 1299 508 1348 Grat.
548 1303 829 1367 marginata
868 1303 1052 1352 Colsm.
1092 1302 1226 1352 vahl
1265 1318 1431 1351 enum.
1469 1304 1513 1351 1.
1543 1320 1591 1367 p.
1620 1308 1701 1352 98.
1727 1306 1970 1369 Bonnaya
2004 1307 2285 1368 marginata
2320 1306 2528 1370 Spreng.

367 1373 489 1428 syst.
520 1369 566 1415 1.
594 1385 643 1431 p.
668 1370 751 1417 41.
781 1369 1005 1419 Gratiola
1026 1368 1330 1432 grandifiora
1372 1370 1492 1417 Retz
1515 1372 1621 1419 obs.
1646 1374 1696 1419 4.
1725 1387 1775 1433 Ρ.
1801 1374 1830 1418 8
1848 1372 1872 1418 ⁴?
1895 1388 1994 1421 non
2024 1372 2183 1420 Roxb.
2221 1371 2360 1420 Grat.
2394 1386 2530 1420 race-

366 1447 507 1481 mosa
525 1434 652 1483 Roth
676 1452 788 1484 nov.
817 1436 884 1499 pl.
912 1452 1039 1499 spec.
1058 1452 1104 1499 p.
1133 1439 1183 1483 9.
1208 1436 1448 1499 Bounaya
1469 1436 1633 1485 Rothii
1661 1438 1790 1486 Link
1809 1438 1967 1487 Scbw.
1990 1446 2039 1486 et
2060 1438 2218 1487 Dietr.
2236 1454 2364 1501 spec.
2388 1438 2456 1500 pl.
2483 1439 2529 1485 1.

365 1513 416 1561 p.
442 1502 558 1547 556.
581 1502 639 1550 Β.
666 1502 827 1565 rigida
847 1510 895 1550 et
910 1502 968 1550 B.
995 1503 1316 1566 procumbens
1333 1503 1532 1552 Beuum
1561 1504 1614 1551 in
1637 1504 1786 1552 Wall.
1809 1514 1904 1553 cat.
1932 1522 1982 1553 n.
2000 1508 2131 1553 3859
2151 1511 2199 1552 et
2221 1509 2370 1552 3860.
2397 1504 2537 1553 Folia

369 1580 519 1627 quam
542 1568 594 1614 in
614 1568 995 1630 praecedentibus
1019 1568 1331 1633 angustiora,
1359 1570 1603 1618 crassiora
1622 1605 1634 1627 ‚
1663 1570 1856 1619 floralia
1878 1572 2111 1619 inferiora
2139 1570 2387 1618 interdum
2419 1585 2534 1618 cau-

370 1630 488 1680 linis
510 1634 798 1683 conformia.
828 1636 993 1683 Flores
1025 1635 1084 1683 Β.
1112 1635 1347 1698 reptantis
1376 1635 1455 1683 vel
1483 1636 1631 1699 paulo
1655 1637 1866 1686 minora.
1887 1638 2164 1686 Filumenta
2191 1636 2376 1685 sterilia
2397 1637 2533 1700 apice

367 1696 586 1748 hamata.
616 1701 827 1764 capsula
846 1703 928 1749 5-8
954 1703 1043 1750 lin.
1065 1702 1235 1766 longa.
1262 1702 1339 1763 (v.
1365 1702 1442 1763 s.)

300 1783 352 1830 4.
387 1782 446 1831 B.
471 1795 913 1834 VERBBRAEBOLIA
938 1788 953 1843 (
970 1785 1175 1850 Spreng.
1205 1792 1326 1847 syst.
1357 1786 1403 1832 1.
1449 1801 1499 1848 p.
1526 1787 1618 1845 42)
1643 1821 1656 1841 ,
1687 1796 1878 1845 erecta,
1912 1785 2211 1835 adscendens
2234 1786 2311 1834 vel
2333 1785 2531 1834 decum-

374 1849 496 1897 bens
513 1886 527 1907 ‚
551 1849 683 1898 foliis
720 1851 1064 1900 subsessilibus
1105 1852 1183 1900 vel
1217 1851 1536 1900 inferioribus
1565 1853 1809 1915 petiolatis
1845 1852 2374 1917 oblongo-lanceolatis
2414 1854 2529 1901 sub·

359 1914 690 1965 linearibusve
712 1919 1048 1967 crassiusculis
1073 1919 1403 1981 integerrimis
1428 1919 1709 1976 serratisve‚
1754 1920 1958 1968 floribus
1999 1921 2282 1978 racemosus,
2312 1918 2529 1981 capsulis

367 1983 823 2045 erecto-patentibus
860 1985 1026 2048 calyce
1069 1984 1258 2046 2-3·plo
1301 1985 1623 2048 longioribus.
1648 1982 1720 2054 (j)
1740 1986 1792 2034 in
1837 1987 1982 2035 ludia
2022 1986 2246 2034 orientali
2289 1984 2388 2032 sere
2433 1987 2536 2034 tota

368 2049 385 2109 (
408 2048 582 2097 Wall.!
606 2050 779 2115 Wigbt
801 2051 936 2099 herb.
960 2052 1150 2112 2195)·‚
1180 2051 1233 2097 in
1264 2051 1446 2114 Ceylon
1462 2086 1474 2109 ,
1503 2051 1564 2099 ad
1587 2053 1718 2115 ripas
1747 2052 2005 2116 Irawaddy
2027 2052 2257 2114 frequens
2285 2051 2528 2114 (Walm)

368 2114 514 2162 etiam
537 2114 590 2162 in
624 2116 720 2164 ins.
745 2117 894 2180 Hong
921 2118 1070 2181 Koug
1103 2118 1370 2165 sinensium
1396 2117 1615 2173 (Hindsl
1637 2121 1671 2179 ).
1704 2119 1928 2169 Gratiola
1964 2118 2307 2167 verbenaefolia
2340 2117 2525 2167 Colsm.

370 2179 501 2229 vahl
529 2197 694 2230 enum.
726 2184 772 2231 1.
792 2199 839 2246 p.
867 2187 950 2231 96.
976 2184 1115 2232 Grat.
1142 2198 1388 2232 racemosa
1411 2184 1571 2232 Roxb.
1593 2184 1643 2232 fl.
1661 2184 1764 2233 ind.
1788 2185 1865 2234 ed.
1889 2187 2001 2235 Car.
2024 2194 2073 2235 et
2091 2185 2239 2240 wall,
2267 2186 2313 2232 1.
2342 2200 2394 2247 Ρ.
2413 2185 2527 2233 139.

370 2246 509 2297 Grat.
536 2248 708 2299 ciliata
740 2249 951 2300 Colsm.?
975 2249 1108 2300 Vahl
1135 2265 1299 2299 enum.
1331 2252 1376 2299 1.
1406 2268 1453 2315 p.
1483 2253 1564 2299 97.
1600 2251 1824 2302 Gratiola
1871 2252 2260 2317 Roxburghiana
2301 2250 2460 2300 Roem.
2485 2256 2535 2301 et

370 2314 560 2365 Schult.
584 2324 705 2379 syst.
738 2319 784 2365 1.
808 2334 855 2380 p.
887 2319 999 2365 123.
1032 2318 1269 2380 Bounaya
1294 2318 1684 2382 Roxburghiana
1715 2318 1844 2368 Link
1863 2320 2021 2368 Schw.
2048 2327 2098 2368 et
2123 2320 2279 2368 Dietr.
2303 2333 2429 2382 spec.
2462 2319 2533 2381 pl.

375 2383 422 2430 1.
466 2398 516 2445 p.
545 2386 662 2430 559.
702 2383 1008 2432 Tittmannia
1029 2384 1315 2433 Colsmanni
1339 2390 1387 2432 et
1418 2384 1630 2433 Torenia
1656 2386 1856 2450 gracilis
1879 2386 2055 2435 Benth.
2094 2386 2148 2434 in
2171 2385 2318 2434 Wall.
2353 2392 2450 2433 cat.
2477 2400 2529 2432 n.

368 2452 501 2497 3950
525 2456 573 2497 et
600 2453 750 2499 3952.
786 2451 833 2499 Α
860 2452 918 2500 Β.
968 2448 1329 2499 veronicoefolia
1371 2450 1533 2499 differt
1572 2452 1704 2501 foliis
1746 2454 2119 2517 angustioribus
2161 2451 2528 2517 integrioribus.

368 2514 557 2563 Habitu
606 2532 734 2579 saepe
770 2516 1049 2565 Vandelliae
1087 2516 1422 2580 angustifoliae
1464 2518 1720 2566 simillima
1737 2554 1750 2577 ‚
1789 2534 1877 2570 nec
1898 2534 2085 2584 semper
2112 2519 2210 2568 nisi
2240 2518 2533 2567 staminibus

372 2580 741 2646 distinguenda.
769 2582 850 2647 (v.
878 2584 951 2646 s.)

305 2666 358 2712 5.
386 2665 443 2713 Β.
473 2677 867 2714 omnmnou
899 2666 1133 2729 (Spreng.
1162 2671 1281 2729 εχει.
1308 2666 1355 2712 1.
1382 2681 1434 2728 p.
1461 2667 1592 2728 41),
1623 2668 1765 2716 caule
1804 2667 1983 2717 diffuso
2024 2668 2366 2732 subreptante,
2398 2669 2531 2717 foliis

371 2731 531 2780 ovatis
553 2732 781 2797 oblongis
803 2732 1239 2781 sublanoeolatisve
1255 2731 1508 2781 sessilibus
1525 2734 1602 2782 vel
1618 2733 1934 2783 inferioribus
1951 2735 2035 2783 vix
2051 2734 2296 2798 petiolstis
2313 2735 2530 2795 serratis,

370 2796 576 2847 floribus
596 2799 888 2848 axillaribus
906 2800 984 2847 vel
1007 2798 1246 2861 supremis
1281 2799 1569 2858 racemosis,
1601 2801 1817 2865 capsulis
1841 2801 2113 2850 linearibus
2136 2802 2529 2864 erecto-patenti-

374 2864 467 2912 bus
489 2865 659 2928 calyce
678 2866 764 2914 vix
785 2865 933 2929 duplo
973 2865 1298 2929 longioribus.
1337 2860 1412 2932 (Ι)
1445 2867 1496 2913 in
1533 2866 1686 2916 Indiae
1735 2867 1988 2916 orientalis
2031 2867 2291 2930 peninsula
2323 2867 2531 2931 (Heyne

370 2931 543 2995 Wight
561 2931 572 2977 l
592 2931 643 2979 11.
674 2933 823 2980 2196.
847 2934 893 2995 ),
917 2932 970 2980 in
987 2932 1225 2994 Bengaliii
1245 2967 1258 2988 ‚
1286 2931 1427 2980 Sillet
1449 2932 1688 2996 (Walm)
1705 2969 1718 2992 ,
1739 2932 1947 2996 Nepalia
1967 2933 2163 2990 (Wall.l
2182 2933 2200 2993 )
2218 2967 2230 2990 ‚
2260 2932 2320 2979 ad
2340 2933 2533 2997 Mergui

376 2997 665 3062 (Griffithl)
698 3005 745 3047 et
786 2998 837 3046 in
866 3000 962 3047 ins.
1017 2998 1311 3061 Philippinis
1346 2998 1612 3062 (Cumingl
1644 3016 1695 3047 n.
1743 2999 1920 3058 12883.
1966 2998 2190 3049 Gratiola
2231 2999 2537 3061 grandiflora

375 3063 533 3112 Roxb.
562 3065 631 3128 pl.
669 3080 852 3113 corom.
876 3069 924 3114 2.
942 3081 990 3129 p.
1018 3066 1101 3112 42.
1125 3071 1160 3112 t.
1186 3066 1298 3112 179.
1326 3067 1412 3112 vix
1441 3065 1575 3113 Retz.
1601 3065 1872 3114 Henckelia
1894 3064 2197 3128 grandiflora
2218 3065 2349 3113 Link
2371 3065 2529 3114 Schw.

371 3137 421 3180 et
453 3131 611 3179 Dietr.
659 3147 784 3195 spec.
821 3133 887 3196 pl.
928 3133 976 3179 1.
1019 3148 1067 3195 p.
1109 3133 1224 3179 573.
1270 3131 1495 3180 Gratiola
1538 3131 1846 3196 pulegiifolia
1873 3131 2008 3180 vahl
2037 3147 2202 3179 enum.
2248 3132 2294 3178 l.
2329 3147 2377 3194 p.
2420 3135 2481 3179 98
2507 3133 2533 3178 ⁸?

371 3199 612 3261 Bonnaya
634 3198 942 3262 pulegiifolia
961 3199 1168 3262 Spreng.
1196 3203 1318 3261 syst.
1346 3200 1395 3245 1.
1422 3214 1467 3260 Ρ.
1492 3199 1577 3246 41.
1598 3198 1836 3261 Bonnaya
1867 3197 2076 3262 Wightii
2111 3197 2288 3247 Benth.
2313 3197 2363 3246 in
2385 3198 2532 3246 wan.

372 3272 469 3314 cat.
499 3280 549 3312 n.
579 3266 728 3313 3864.
755 3265 801 3314 A
821 3266 878 3314 B.
906 3265 1265 3314 veronicaefoliss
1292 3264 1460 3313 differt
1498 3263 1887 3324 infloreseentiit,
1920 3271 1968 3312 et
1990 3265 2202 3329 capsulis
2232 3265 2390 3313 multo
2423 3265 2535 3313 bre-

374 3332 613 3381 vioribus.
640 3330 826 3381 Similis
848 3331 1125 3380 Vandellioe
1167 3330 1506 3394 pedunculatoe
1545 3331 1628 3379 sed
1659 3331 1781 3380 folia
1803 3331 2054 3394 superiora
2093 3330 2407 3396 angustiora,
2433 3348 2534 3382 nou

371 3398 597 3456 cordata,
624 3405 673 3448 et
695 3398 907 3446 stamina
944 3399 1213 3461 Bonnayae.
1237 3397 1468 3447 Pedicelli
1492 3401 1574 3446 3·6
1599 3398 1689 3446 lin.
1716 3398 1855 3462 longi
1878 3398 1956 3445 vel
1979 3398 2139 3447 rarius
2164 3400 2531 3462 subpollicares.

372 3465 569 3514 Corolla
596 3480 743 3528 quam
778 3466 829 3512 in
866 3465 924 3513 Β.
948 3464 1307 3513 veronicaefolia
1341 3465 1491 3528 paulo
1512 3464 1692 3523 minor,
1737 3470 1786 3514 et
1809 3479 1986 3513 nomen
2018 3463 2298 3529 specificam
2332 3466 2537 3515 minime

372 3532 620 3580 convenit.
642 3533 724 3594 (v.
744 3531 818 3593 s.)

254 3654 283 3662 -
308 3619 359 3664 6.
396 3615 457 3663 Β.
486 3602 912 3663 Pnnnnoutsaxs
946 3613 1162 3676 (Benth.!
1193 3613 1397 3676 Sci-oph.
1436 3612 1538 3661 ind.
1567 3629 1614 3677 p.
1639 3614 1741 3671 34),
1765 3614 1989 3661 caulibus
2016 3615 2246 3663 tenuibus
2271 3615 2533 3680 elongem,

376 3680 510 3729 foliis
532 3681 733 3729 remotis
753 3680 1274 3745 oblongo-lanoeolatis
1308 3680 1746 3744 subintegerrimis‚
1774 3679 1977 3728 floribus
1996 3681 2289 3730 axillsribus
2309 3682 2539 3730 solitariis

366 3748 523 3811 ⁴longe
565 3746 933 3811 petiunculam,
980 3748 1194 3810 capsulis
1230 3747 1502 3795 linearibus
1538 3748 1816 3811 patentibus
1861 3749 2210 3796 nutantibnsve
2244 3748 2413 3811 calyce
2453 3749 2538 3797 vix

374 3815 526 3878 duplo
563 3814 887 3877 longioribus.
933 3809 1006 3881 ᾧ
1031 3815 1081 3862 in
1118 3813 1273 3863 Indiae
1304 3814 1554 3862 orientalis
1595 3830 1732 3878 prov.
1767 3813 2251 3876 Sillet<wallich!).
2291 3815 2372 3864 An
2418 3815 2542 3864 forte

374 3882 435 3930 Β.
475 3879 792 3945 grandiflorae
822 3880 1031 3929 varietas
1062 3881 1114 3928 in
1139 3881 1261 3930 locis
1286 3879 1503 3929 herbidis
1532 3881 1804 3946 elongata?
1843 3883 1910 3941 (v.
1940 3880 2005 3942 s.)

311 3967 362 4012 7.
400 3965 461 4013 Β.
485 3977 912 4014 opposuimus
953 3966 1186 4031 (Spreng.
1226 3973 1347 4029 syst.
1380 3967 1427 4014 1.
1462 3981 1511 4028 Ρ.
1547 3967 1657 4024 41),
1693 3965 1914 4021 humilis,
1942 3972 2118 4024 erecta,
2155 3965 2290 4014 foliis
2313 3964 2543 4029 oblongis

379 4031 727 4082 lanceolatisve
777 4033 1093 4092 subserratis,
1143 4032 1435 4096 pedunculis
1481 4032 1797 4081 inferioribus
1852 4031 2223 4096 oppositifoliis,
2277 4030 2543 4079 fructiferis

382 4098 605 4159 reflexis,
644 4099 887 4163 supremis
920 4100 1273 4148 subracemosis
1296 4136 1309 4160 ,
1354 4098 1567 4163 capsulis
1599 4098 1891 4147 linearibus.
1918 4088 2003 4177 Q)
2025 4101 2078 4148 in
2107 4097 2263 4148 Indiae
2297 4094 2546 4145 orientalis

379 4166 864 4230 peninsulsffloxb.
889 4166 1201 4232 etc.Wigbt!
1226 4166 1280 4216 h.
1317 4167 1499 4230 2197).
1547 4165 1773 4217 Gratiola
1806 4164 2136 4230 oppositifolia
2163 4163 2323 4215 Roxb.
2365 4161 2434 4224 pl.
2459 4171 2542 4206 co-
