2808 4538
331 285 465 351 440
735 294 752 331 '³
889 287 1291 355 DICOTYL.
1345 311 1458 355 SEU
1503 287 1991 357 EXOGENAE.
2249 319 2536 358 nonnula.

397 402 549 453 ramis
575 402 684 451 elon
723 402 819 452 atis
849 402 1313 462 subscandcntibus,
1350 410 1567 453 tomento
1607 404 1890 468 ferrugineo
1919 404 2245 466 densiusculo,
2280 406 2410 457 follis
2438 409 2541 458 bre·

401 472 527 519 viter
566 471 696 533 petio
717 471 812 520 atis
845 471 1002 519 ovatis
1039 470 1196 519 acutis
1237 471 1660 536 subintegerrimis
1701 472 1807 520 bui
1847 471 2120 521 rotundatis
2154 490 2304 537 supra
2342 475 2542 524 stellato·

400 536 629 592 hittonis,
667 537 907 600 paniculas
932 536 1113 586 foliatae
1135 537 1286 586 ramis
1319 538 1563 602 elongatis
1586 538 1873 602 gracilibus,
1898 539 2125 601 capitulis
2157 541 2322 604 parvis
2345 541 2545 603 globosis

401 602 744 667 pedunculatis
764 603 979 652 remotis.
1010 601 1048 670 5
1071 605 1122 652 in
1145 603 1361 653 Pan-uvis
1381 605 1447 653 ad
1469 605 1813 653 Pariabuanca
1849 605 2139 667 (Mathewsl
2167 622 2222 655 n.
2256 608 2400 666 1148>
2426 607 2546 656 cirea

403 669 630 719 Huanaci
654 670 797 732 (Ruiz
822 676 872 718 et
891 669 1095 730 Pavon).
1125 670 1268 720 Folia
1289 672 1674 734 2-3·pollicaria,
1700 672 1752 719 in
1778 672 2122 735 speciminibus
2147 689 2261 737 quas
2283 674 2381 721 vidi
2408 687 2546 721 exau·

405 737 633 785 riculata.
673 736 924 786 Paniculae
957 737 1084 785 rami
1122 736 1440 800 semipedales
1472 738 1548 785 vel
1584 738 1862 801 longiores,
1896 737 2152 788 inferiores
2172 740 2431 790 axillares.
2465 739 2546 788 Pe-

405 802 610 919 «Ῑίὶιυίιύί
629 802 1046 932 ιεῧιέῑίοῌίοατθε.
1081 803 1286 867 Calyces
1317 802 1501 852 villosi.
1535 804 1746 852 Corollae
1780 804 1963 853 limbus
1992 811 2180 869 patens.
2223 808 2298 869 (v.
2336 806 2388 854 in
2423 806 2543 878 berb.

455 885 516 919 oo
556 904 568 916 .
599 885 626 918 e
766 903 777 916 .
903 910 909 916 .

339 953 422 999 22.
460 950 521 1004 Β..
545 963 754 1000 meam
790 950 945 1012 (Ruiz
979 951 1271 1000 etPav.1fl.
1315 966 1420 1014 per.
1444 956 1493 999 et
1512 950 1633 999 chil.
1674 951 1717 999 1.
1744 967 1794 1015 p.
1823 954 1905 999 52.
1932 957 1971 1001 t.
2015 955 2099 1001 80.
2137 953 2176 1002 f.
2214 954 2317 1016 Ιχ),
2354 958 2550 1003 tomento

406 1018 692 1081 ferrugineo
728 1019 804 1066 vel
834 1018 997 1067 albido
1031 1018 1181 1066 denso
1206 1018 1531 1076 subfloccoso,
1558 1019 1765 1066 ramulis
1788 1019 1962 1067 obtuse
1985 1023 2276 1082 tetragonis,
2306 1020 2432 1068 foliis
2452 1021 2548 1069 lan-

406 1085 842 1148 ceolam-oblongis
865 1084 1023 1133 acutis
1059 1085 1165 1144 basi
1207 1084 1485 1148 angustatis
1517 1083 1751 1132 coriaceis
1792 1100 1939 1147 supra
1960 1086 2156 1134 demum
2195 1087 2426 1149 glabratis
2449 1087 2551 1135 bul·

407 1151 881 1214 lato-rugosissimis,
908 1152 1152 1214 paniculae
1185 1151 1449 1214 fastigiata
1471 1149 1701 1214 capitulis
1720 1151 2020 1213 pcdicellatis
2043 1153 2268 1216 globosis
2288 1153 2552 1202 densissime

408 1217 711 1266 multifloris.
744 1214 787 1280 5
813 1218 864 1265 in
889 1217 1118 1265 Andibus
1147 1217 1457 1277 Quitensium
1484 1218 1778 1266 tJameson!
1823 1218 2084 1284 Hartwegl
2127 1234 2182 1267 n.
2215 1220 2389 1278 1282),
2426 1220 2552 1269 Sara-

409 1298 537 1348 gura
551 1283 847 1332 Loxensium
869 1283 1072 1346 (Humb.
1098 1290 1148 1332 et
1168 1284 1367 1346 Bonpl.)
1386 1289 1436 1332 et
1456 1284 1846 1333 Peruvianorum
1870 1285 2011 1347 (Ruiz
2026 1294 2077 1334 et
2092 1286 2284 1345 Pavon,
2310 1285 2549 1333 Mathm!

329 1348 333 1353 ’
407 1364 460 1398 n.
497 1353 643 1411 525).
685 1350 747 1399 Β.
787 1365 969 1413 rugosa
997 1350 1181 1399 Humb.
1202 1351 1261 1399 B.
1291 1355 1340 1398 ct
1369 1349 1579 1398 Kunth!
1613 1365 1728 1400 nov.
1774 1365 1895 1414 gen.
1922 1360 1973 1400 et
1999 1368 2076 1416 sp.
2111 1355 2168 1400 2.
2206 1369 2256 1415 p.
2294 1354 2408 1400 347.
2431 1352 2554 1401 Folia

313 1467 318 1471 ,
407 1420 493 1465 3-6
511 1416 632 1481 poll.
655 1418 835 1481 longa,
859 1417 1085 1481 pollicem
1121 1416 1250 1475 lata,
1277 1418 1503 1480 margine
1523 1427 1727 1466 recurvo
1758 1418 2029 1467 crenulata.
2068 1419 2305 1482 capitula
2325 1419 2554 1483 magnitu-

408 1482 527 1532 dine
561 1483 753 1532 fructus
791 1483 937 1546 pruni
981 1484 1209 1546 spinosoe.
1253 1482 1449 1547 Calycis
1491 1482 1659 1532 dentes
1701 1483 1855 1532 acuti.
1897 1484 2105 1534 Corollae
2158 1486 2344 1534 limbus
2382 1491 2552 1549 pateus.

404 1548 616 1600 Nullum
654 1549 916 1600 discrimen
949 1550 1089 1599 video
1113 1552 1240 1598 inter
1266 1550 1533 1613 specimina
1554 1549 1919 1599 Ecusdorensia
1957 1559 2008 1601 ct
2039 1552 2340 1601 Pcruviana.
2368 1553 2387 1614 (
2412 1567 2461 1600 v.
2487 1554 2553 1614 s.)

340 1632 425 1681 23.
449 1632 506 1681 B.
531 1633 963 1682 Plcmucnmssm
984 1633 1189 1692 (Humb.
1208 1634 1272 1682 Β.
1296 1639 1345 1681 et
1357 1631 1554 1681 Kunthl
1582 1646 1697 1680 nov.
1726 1647 1842 1696 gen.
1864 1640 1914 1683 et
1939 1649 2012 1697 sp.
2036 1637 2087 1681 2.
2116 1650 2168 1697 p.
2195 1635 2335 1694 347),
2361 1639 2554 1683 tomento

407 1698 692 1764 ferrugineo
728 1699 896 1756 denso,
933 1699 1069 1748 soliis
1096 1700 1307 1748 breviter
1330 1699 1577 1763 petiolatis
1610 1700 1898 1748 lanceolatis
1934 1700 2093 1749 acutis
2119 1701 2362 1750 coriaceis
2396 1700 2552 1748 subru-

406 1768 541 1831 gosis
562 1766 666 1815 basi
701 1766 913 1815 breviter
935 1766 1212 1830 angustatis
1237 1781 1386 1829 supra
1411 1765 1599 1830 glabris
1618 1799 1632 1824 ,
1674 1766 1904 1827 capitulis
1942 1768 2110 1830 paucis
2149 1767 2361 1816 breviter
2392 1766 2553 1830 pedun-

407 1833 587 1881 culatis
605 1833 823 1897 globosis
861 1832 1149 1882 densissime
1170 1832 1454 1881 multiflcris
1489 1831 1865 1895 subfastigiatis.
1894 1830 1933 1899 5
1968 1830 2013 1898 5
2034 1835 2084 1881 iu
2106 1841 2280 1883 monte
2308 1832 2554 1882 Pichincba

409 1899 625 1961 (Humb.
662 1899 713 1947 ct'
731 1899 983 1963 Bonpl.!).
1011 1901 1073 1949 Β.
1098 1900 1301 1948 arborea
1331 1899 1506 1962 Meyen
1552 1897 1693 1946 Reise
1717 1900 1764 1945 1.
1788 1915 1837 1962 p.
1875 1902 1972 1947 478
1997 1914 2059 1948 ex
2080 1900 2250 1964 Walp.
2285 1900 2461 1948 Frutex
2490 1898 2554 1946 v'el

410 1966 556 2015 arbor
595 1965 654 2014 B.
686 1966 876 2014 incanoe
900 1966 1064 2029 potius
1090 1981 1238 2028 quam
1268 1965 1330 2014 B.
1358 1966 1578 2028 globosae
1606 1964 1783 2013 affinis.
1810 1965 1951 2014 Folia
1976 1966 2377 2030 2·3·pollicaria,
2406 1966 2556 2015 leviter

407 2047 611 2097 rugosa.
636 2031 864 2096 Capitula
886 2032 945 2079 Β.
971 2032 1180 2080 incana).
1207 2035 1230 2095 (
1251 2047 1301 2080 v.
1320 2032 1374 2079 in
1397 2030 1537 2080 berb.
1560 2032 1688 2080 Mus.
1708 2035 1839 2094 par.)

345 2114 428 2163 24.
464 2111 526 2162 Β.
570 2125 870 2172 οΑιῐοιπΑ,
911 2118 1126 2161 tomento
1167 2111 1449 2175 ferrugineo
1493 2111 1643 2161 denso
1663 2146 1676 2168 ,
1721 2111 1854 2161 soliis
1902 2112 2254 2163 subsessilibus
2294 2113 2556 2164 lanceolatis

412 2181 571 2229 acutis
595 2180 829 2229 coriaceis
848 2179 1136 2243 subrugosis
1154 2192 1304 2241 supra
1322 2178 1407 2226 vix
1438 2177 1635 2227 demum
1658 2177 1941 2239 denudatis,
1973 2181 2215 2243 panicula
2249 2182 2456 2244 oblonga
2482 2179 2553 2227 vix

409 2250 607 2297 ramosa
626 2282 640 2306 ,
683 2246 911 2310 capitulis
942 2246 1113 2310 paucis
1140 2244 1484 2310 pedunculatis
1513 2244 1709 2310 magnis
1734 2246 2044 2311 subglobosis
2069 2246 2553 2312 ferrugineo-lanatis.

425 2320 463 2379 ῄ
490 2314 543 2362 iu
567 2312 793 2361 Andibus
816 2312 1126 2373 Quitensium
1150 2313 1204 2360 in
1234 2313 1446 2361 Paramo
1468 2312 1527 2361 de
1553 2313 1796 2363 Antisana
1820 2314 2161 2377 (Jamcsonl).
2188 2315 2331 2365 Folia
2355 2312 2550 2377 2-4-901-

417 2379 591 2428 licaria
609 2413 622 2436 ,
667 2379 988 2443 integerrima
1032 2380 1132 2429 vel'
1153 2379 1425 2428 crenulata.
1470 2379 1713 2428 Panicula
1756 2381 1841 2429 vix
1880 2380 2002 2428 folia
2044 2395 2302 2443 superans.
2348 2380 2555 2444 capitula

417 2448 503 2493 7-8
541 2445 633 2493 lin.
658 2443 912 2494 diametro.
940 2445 1146 2509 Calyces
1177 2446 1511 2509 campanulati
1534 2449 1564 2494 3
1586 2446 1676 2495 lin.
1704 2445 1887 2513 longia
1901 2446 2114 2496 breviter
2136 2448 2345 2497 dentati.
2370 2445 2555 2496 Corollae

415 2512 599 2561 limbus
629 2520 820 2576 patens,
852 2513 1020 2577 calyce
1040 2514 1190 2577 paulo
1214 2513 1428 2578 longior,
1454 2513 1785 2563 aurantiacus.
1812 2517 1877 2576 (v.
1907 2529 1947 2562 s.
1974 2528 2154 2562 comm.
2185 2528 2216 2563 a
2236 2515 2303 2565 cl.
2328 2513 2500 2575 Hook.)

353 2615 439 2661 25.
475 2613 534 2662 Β.
575 2624 826 2662 οιοΒοεΑ
850 2612 1011 2675 (Lam.
1034 2612 1150 2662 dict.
1174 2614 1223 2661 1.
1247 2629 1297 2678 p.
1325 2614 1444 2675 513)
1463 2648 1476 2672 ,
1504 2619 1718 2664 tomento
1744 2613 2023 2679 ferrugineo
2037 2613 2174 2663 soliis
2195 2615 2403 2663 breviter
2425 2611 2552 2676 petic-

418 2679 534 2729 latis
561 2679 843 2728 lanoeolatis
881 2680 958 2727 vel
988 2676 1445 2728 ovato-lanceolatis
1480 2681 1638 2728 acutis
1678 2681 1943 2729 crenulatis
1967 2681 2073 2730 basi
2115 2680 2395 2745 angustatis
2430 2692 2556 2743 supra

422 2746 611 2810 glabris
653 2746 875 2810 rugosis,
913 2746 1143 2809 capitulis
1174 2746 1390 2810 globosis
1427 2745 1573 2795 dense
1613 2745 1896 2795 multifloris
1936 2748 2084 2811 longe
2129 2746 2465 2812 pedunculatis
2501 2744 2555 2792 ad

419 2813 580 2877 apices
622 2827 870 2861 ramorum
917 2813 1195 2860 racemosis.
1225 2810 1264 2880 5
1291 2813 1344 2860 in
1377 2812 1604 2862 Andibus
1628 2813 1939 2862 Chilensibus
1963 2815 2154 2875 (Bert.l
2178 2814 2301 2863 Pav.
2325 2815 2406 2876 )et
2429 2813 2556 2861 Peru·

419 2880 581 2928 vianis
608 2878 838 2943 (Domb.!
865 2880 960 2928 301
996 2895 1058 2927 ex
1104 2879 1233 2929 Mus.
1265 2894 1373 2942 par.
1393 2879 1492 2942 )--
1530 2879 1655 2929 Ruiz
1682 2887 1730 2928 et
1753 2880 1873 2928 Pav.
1900 2878 1950 2927 fl.
1978 2895 2081 2944 per.
2099 2888 2156 2929 et
2189 2880 2310 2929 chil.
2344 2881 2387 2928 1.
2413 2895 2458 2942 p.
2483 2880 2552 2924 52.

417 2956 455 2995 t.
480 2948 562 2995 83.
591 2946 626 2994 f.
651 2962 697 2995 a.
721 2947 834 2994 Bot.
862 2961 994 3010 mag.
1030 2953 1068 2993 t.
1099 2947 1212 2994 174.
1233 2946 1292 2995 Β.
1326 2947 1540 3009 capitata
1582 2946 1725 3009 Jacq.
1750 2946 1815 2995 ic.
1842 2962 1941 2995 rar.
1964 2950 2014 2994 2.
2041 2964 2091 3011 p.
2114 2951 2164 2995 9.
2194 2955 2236 2996 t.
2259 2949 2371 2995 307.
2397 2946 2554 2994 Frutex

419 3013 692 3079 biorgialis.
719 3012 857 3061 Folia
880 3028 1012 3060 nunc
1036 3014 1129 3061 3-4
1155 3028 1286 3061 nunc
1310 3015 1396 3059 6-8
1428 3013 1546 3076 poll.
1572 3014 1750 3077 longa,
1781 3014 1871 3060 1-2
1902 3014 2020 3076 poll.
2060 3014 2188 3073 lata,
2217 3014 2362 3077 longe
2390 3010 2555 3060 acumi-

421 3088 564 3139 nata,
596 3081 708 3144 plus
729 3079 895 3127 minus
908 3086 1123 3127 crenata.
1139 3077 1414 3128 Pedunculi
1442 3081 1519 3128 1-3
1535 3080 1652 3143 poll.
1681 3080 1818 3143 longi
1838 3114 1851 3137 ,
1878 3094 1963 3141 per
1984 3081 2125 3143 paria
2143 3083 2238 3129 2-4
2263 3080 2313 3129 in
2337 3090 2554 3128 racemum

421 3147 729 3197 terminalem
774 3145 993 3209 dispositi
1009 3181 1022 3206 ,
1067 3146 1180 3194 imis
1219 3160 1346 3211 saepe
1389 3145 1699 3195 axillaribus.
1749 3146 1975 3209 Capitula
2017 3146 2358 3211 magnitudine
2395 3142 2553 3193 Gensi-

419 3213 589 3263 Flores
611 3212 904 3265 aurantiaci.
931 3218 1011 3275 (v.
1040 3228 1082 3262 s.
1106 3212 1126 3275 )

359 3320 443 3365 26.
481 3318 539 3366 Β.
578 3328 832 3379 coxan-a
855 3314 996 3377 (Ruiz
1028 3320 1077 3363 et
1099 3313 1219 3364 Pav.
1247 3312 1299 3362 fl.
1341 3329 1443 3378 per.
1489 3320 1537 3364 ct
1570 3311 1687 3363 cbil.
1720 3314 1767 3362 1.
1801 3329 1850 3377 p.
1879 3315 1961 3362 52.
1993 3319 2030 3363 t.
2065 3315 2148 3363 81.
2175 3313 2212 3362 s.
2238 3314 2322 3377 b),
2365 3314 2556 3387 tomento

427 3382 563 3431 tenui
614 3382 1052 3441 subcvanescente,
1102 3381 1235 3431 soliis
1289 3380 1762 3445 oblongo-ellipticis
1811 3380 2249 3429 sublanceolatisve
2290 3377 2558 3428 acuminatis

427 3447 626 3497 serratis
648 3448 756 3496 basi
779 3449 1057 3513 angustatis
1080 3454 1129 3497 et
1152 3447 1679 3497 auriculam-connatis
1703 3461 1853 3509 supra
1908 3448 2061 3496 labris
2084 3447 2169 3495 vix
2195 3446 2417 3510 rugosis,
2441 3441 2557 3506 capi·

426 3515 546 3563 tulis
572 3514 789 3577 globosis
820 3516 966 3565 dense
988 3514 1270 3563 multifloris
1293 3516 1442 3578 longe
1472 3512 1812 3577 pedunculatis
1933 3514 2091 3577 apices
2126 3527 2373 3562 ramorum
2411 3507 2558 3574 paucis

427 3580 706 3629 racemosis.
740 3578 779 3648 5
802 3581 854 3630 in
878 3582 1098 3631 Pcruviae
1121 3598 1257 3646 prov.
1285 3581 1515 3644 Chancay
1539 3579 1689 3642 (Ruiz
1711 3586 1760 3628 et
1776 3580 1945 3629 Pavon
1970 3582 2074 3644 )—-
2092 3578 2276 3628 Book!
2308 3579 2414 3627 not.
2441 3588 2554 3636 mag.

426 3654 464 3697 t.
490 3650 640 3696 2853.
659 3648 840 3696 Fmtex
860 3650 1097 3713 orgyalis.
1124 3649 1265 3698 Folia
1295 3662 1442 3710 quam
1462 3648 1514 3694 in
1532 3646 1591 3694 Β.
1618 3646 1825 3709 globosa
1847 3648 2022 3710 saepius
2048 3647 2226 3695 latiora
2239 3644 2470 3693 tenuiora.
2488 3640 2558 3690 In·

427 3713 730 3764 florescentia
748 3720 797 3763 et
817 3714 959 3764 flores
976 3716 1075 3764 scre
1096 3717 1154 3765 B.
1180 3716 1415 3779 globosae.
1439 3715 1505 3777 (v.
1531 3712 1583 3762 in
1606 3711 1744 3761 herb.
1768 3712 1934 3761 Hook.
1964 3714 2084 3762 cult.
2108 3728 2169 3761 cx
2190 3727 2308 3761 sem.
2334 3709 2520 3758 chilens.
2544 3706 2559 3764 )

363 3814 447 3862 27.
484 3813 545 3862 Β.
581 3825 977 3865 ΡοιῐοΒΡΒΔιΔ
1005 3814 1208 3875 (Humb.
1225 3814 1284 3862 Β.
1311 3820 1360 3864 et
1379 3812 1583 3863 Kunthl
1612 3827 1724 3861 nov.
1749 3828 1866 3877 gen.
1891 3820 1941 3863 ct
1963 3829 2035 3877 sp.
2063 3816 2113 3861 2.
2141 3829 2188 3877 p.
2215 3811 2560 3881 346),tcmentq

433 3878 715 3944 ferrugineo
751 3880 926 3939 denso,
971 3880 1104 3929 soliis
1137 3880 1294 3929 ovatis
1325 3882 1400 3929 vel
1431 3879 1885 3929 ovato-lanceolatis
1908 3880 2198 3929 acuminatis
2227 3877 2432 3927 crenatis
2468 3872 2558 3920 basn

431 3946 581 4008 longe
620 3947 897 4010 angustatis
933 3953 982 3995 et
1021 3947 1544 3997 auriculam-connatis
1599 3961 1748 4010 supra
1780 3944 2253 4012 ferrugineo-pilosis
2286 3944 2359 3992 vel
2384 3941 2559 4014 demun

434 4011 670 4075 glabratis
689 4014 898 4075 rugosis,
923 4014 1148 4076 capitulis
1167 4014 1384 4077 globosis
1400 4013 1547 4062 dense
1565 4012 1848 4062 multifloris
1867 4014 2015 4077 longe
2032 4010 2366 4077 pedunculatis
2382 4008 2430 4057 in
2442 4017 2561 4070 paul·

432 4077 597 4125 culam
619 4078 887 4142 simplicem
912 4081 1296 4142 patentissimam
1325 4080 1590 4144 dispositis.
1614 4078 1685 4143 Ίί
1698 4079 1722 4127 ‘?
1761 4079 1815 4127 iu
1842 4081 1966 4129 loeis
1996 4079 2230 4129 silvaticis
2253 4092 2327 4140 pr.
2352 4076 2561 4147 Arnim-⁰⁸

435 4143 636 4207 (Humb.
664 4152 713 4192 et
732 4145 980 4207 Boanl).
1006 4145 1207 4193 Herba?
1227 4146 1482 4206 volubilis,
1511 4146 1669 4195 affinis
1692 4147 1749 4195 Β.
1777 4153 2020 4196 connatoe.
2043 4146 2181 4195 Folia
2201 4141 2560 4206 7-8-pollioerlfl·

433 4208 1104 4273 Pedunculi1·3-pollicarcs.
1136 4212 1364 4277 Capitula
1399 4204 1741 4277 magnitudine
1774 4212 1834 4260 Β.
1869 4213 2082 4283 globosae
2120 4212 2261 4260 dense
2295 4211 2558 4257 tomento&-

433 4277 515 4332 (ν.
531 4275 582 4323 in
599 4272 737 4323 herb.
763 4274 892 4323 Mus.
915 4277 1054 4337 par.)
