2808 4538
310 237 444 304 248
873 235 1268 305 DICOTYL.
1321 259 1438 305 ssu
1481 237 1969 306 EXOGENAE.
2328 264 2547 304 omma.

315 383 319 386 v
343 366 352 375 ·
377 351 733 416 bipinnatifidis
759 352 953 403 laciniis
974 351 1243 402 linearibus
1270 352 1548 410 subincisis,
1575 353 1906 417 superioribus
1928 353 2236 418 pinnatifidis
2258 353 2549 418 integrisve,

378 419 625 484 pedicellis
641 421 842 468 remotis
858 421 1026 482 calyce
1040 420 1363 480 brevioribus,
1384 420 1567 484 calycis
1589 420 1784 469 laciniis
1800 421 2068 470 linearibus
2088 420 2424 486 integerrimis
2440 436 2554 485 cap-

372 488 531 535 sulam
547 487 907 551 superantibus.
933 482 1006 603 Q
1017 487 1070 535 in
1095 486 1286 537 Graecia
1304 504 1379 552 pr.
1399 487 1446 535 N
1449 487 1665 550 aupliam
1679 488 1996 550 (zancas-ini),
2019 489 2073 537 in
2090 488 2345 537 Dalmatia
2357 488 2551 550 (Bisso-

379 555 535 616 letto)‚
563 561 729 603 monte
751 554 915 602 Tauro
940 557 959 618 (
1006 555 1178 618 otschy
1203 570 1257 602 n.
1283 557 1419 616 395),
1450 554 1599 603 Caria
1620 553 1835 616 (Aucher
1859 571 1913 603 n.
1943 557 2110 617 1207),
2135 554 2314 605 Cilicia
2332 554 2555 618 (Aucher

378 635 431 668 n.
459 621 620 685 2447)
645 656 659 682 ,
702 621 754 668 in
771 622 1007 670 montosis
1048 621 1275 685 Georgica
1293 621 1572 671 Caucasicae
1596 623 1613 684 (
1642 620 1997 685 Hohenacker)
2014 650 2082 659 —
2099 622 2241 671 Lam.
2264 621 2344 669 ill.
2392 629 2433 671 t.
2454 625 2556 671 532

332 694 337 699 “
377 687 539 736 Sibth.
582 693 631 736 et
679 687 780 736 Sm.
830 686 883 736 fl.
925 703 1003 754 gr.
1040 689 1088 736 7.
1140 694 1178 737 t.
1236 691 1348 736 605.
1401 687 1568 737 Herba
1616 688 1959 752 l·1}-pedalis.
1998 690 2165 739 Flores
2199 688 2379 749 aurei,
2413 690 2552 739 intus

371 754 670 819 pallidiores.
702 755 768 817 (v.
796 755 860 819 s.)

264 872 270 876 .
312 837 398 885 22.
434 836 491 887 C.
514 848 948 886 nmcnrssrm
981 836 1165 902 (Fisch.
1191 844 1240 887 et
1262 838 1466 887 Trautv.
1491 838 1599 887 ind.
1621 839 1671 888 4.
1717 853 1838 888 sem.
1862 838 1994 888 bort.
2022 844 2211 902 petrop.
2235 853 2288 901 p.
2314 838 2422 900 33),
2449 837 2556 902 gla-

379 903 609 961 berrima,
646 904 788 953 caule
813 904 990 969 gracili
1022 910 1183 954 erecto
1211 905 1517 965 subramoso,
1551 905 1685 954 foliis
1717 905 2052 969 pinnatisectis
2073 905 2342 969 segmentis
2375 906 2553 968 pinna-

381 968 534 1018 tifidis
575 970 760 1029 incisis,
788 970 1038 1034 pedicellis
1075 972 1243 1036 calyce
1284 972 1432 1035 triplo
1467 972 1792 1036 longioribus,
1826 973 1994 1036 calyce
2021 972 2222 1035 capsula
2254 971 2418 1021 multo
2449 972 2556 1021 bre-

384 1036 536 1088 viore.
555 1032 627 1107 ᾧ
648 1037 703 1087 in
722 1036 937 1088 Natolia.
965 1037 1022 1088 C.
1049 1037 1274 1088 orientali
1304 1038 1466 1102 quoad
1487 1038 1713 1090 habitum
1731 1040 1990 1089 simillima
2014 1039 2212 1090 dicitur.

1049 1140 1285 1219 Species
1311 1158 1426 1199 non
1459 1139 1603 1200 satis
1636 1155 1804 1202 ποῖαι.

317 1253 401 1300 23.
440 1252 496 1303 C.
521 1264 754 1302 acanus
778 1253 929 1317 (Bory
955 1258 1005 1302 et
1027 1251 1219 1302 Chaub.
1241 1253 1296 1301 in
1312 1253 1484 1317 exped.
1505 1253 1632 1303 Mor.
1658 1255 1763 1304 bot.
1788 1269 1837 1319 p.
1867 1254 1981 1303 177.
2011 1259 2050 1304 t.
2079 1256 2161 1303 18.
2191 1253 2229 1302 f.
2251 1253 2323 1316 2),
2346 1254 2553 1314 acutulis,

383 1319 499 1383 pilis
535 1319 834 1369 brevissimis
851 1319 1000 1380 hirta,
1023 1318 1157 1368 foliis
1179 1320 1627 1370 ovato-lanceolatis
1650 1321 2001 1371 obtusiusculis
2022 1321 2130 1370 basi
2153 1321 2558 1384 subpinnatifidis

387 1386 522 1466 apice
550 1387 759 1466 crenatis
786 1387 1059 1466 crenis-ituris
1078 1387 1266 1466 obtusis
1280 1387 1516 1467 nemetis,
1547 1388 1839 1467 pedunculis
1864 1388 2163 1437 radicalibus
2181 1389 2304 1436 folia
2320 1403 2379 1436 su

383 1454 536 1514 tibus,
557 1455 742 1519 calycis
759 1454 954 1504 lacinus
968 1453 1192 1519 hgulatis
1214 1470 1351 1519 apice
1375 1453 1615 1505 dilatatis.
1638 1481 1707 1493 —
1725 1456 1785 1507 In
1807 1455 2160 1520 Peloponneso,
2184 1455 2385 1519 (Boi-y.)

320 1538 405 1586 24.
427 1538 481 1587 C.
510 1537 934 1588 Suwanowuxu
955 1538 1030 1601 (C.
1056 1537 1194 1587 Koch
1216 1538 1269 1587 in
1287 1538 1491 1587 Linnaefi
1515 1540 1595 1587 17.
1611 1554 1662 1603 p.
1688 1539 1826 1602 284),
1847 1539 1980 1587 foliis
2005 1538 2307 1587 radicalibus
2327 1539 2560 1603 oblongis

387 1620 556 1669 grosse
572 1612 621 1655 et
642 1612 782 1655 acute
804 1606 1003 1655 serratis
1036 1605 1314 1655 brevissime
1341 1607 1732 1670 pubescentibus,
1761 1606 2053 1670 pedunculis
2076 1605 2449 1655 florescentibus
2471 1607 2558 1654 ho·

293 1720 302 1730 ,
388 1672 727 1723 rizontalibus.
753 1672 812 1723 In
835 1672 1071 1724 Armenia
1090 1680 1227 1722 trans
1245 1673 1456 1723 Araxim
1478 1673 1574 1723 sita
1595 1672 1668 1737 (C.
1690 1673 1869 1738 Koch).
1894 1700 1963 1712 —
1980 1674 2169 1724 Caetera
2187 1673 2379 1738 ignota.

1022 1771 1259 1854 Species
1287 1792 1320 1832 e
1350 1791 1560 1854 qenere
1596 1772 1865 1835 exclusae.

324 1888 380 1940 C·
419 1900 672 1937 nomana
690 1889 854 1952 Walp.
878 1907 942 1934 =
965 1889 1268 1939 Verbascum
1285 1886 1624 1953 parviflorum.

325 1971 381 2022 C.
419 1983 677 2020 ammius
692 1971 837 2035 Jacq.
865 1991 929 2017 =
951 1971 1171 2021 Alonsoa
1189 1971 1409 2021 linearis.

326 2055 383 2105 C.
421 2064 773 2118 ranwrnom
800 2052 865 2103 G.
888 2051 1000 2103 Don
1022 2072 1086 2097 =
1107 2052 1413 2103 verbascum
1435 2051 1771 2118 parviflorum.

328 2139 385 2190 C.
423 2150 808 2190 UBTICAEFOLIA
830 2137 969 2188 (hrt.
1002 2155 1065 2185 ==
1087 2137 1310 2188 Alonsoa
1330 2137 1638 2188 incisaefolia.

329 2223 388 2273 C.
427 2234 654 2273 v1scoss
674 2221 807 2272 Roth
828 2227 878 2272 et
904 2227 1035 2273 auct.
1059 2237 1122 2273 ex
1137 2228 1278 2288 parte
1298 2242 1363 2271 =
1384 2222 1691 2273 verbascum
1714 2221 1981 2287 vii-gutum.

533 2339 671 2391 XIV.
700 2338 1280 2392 STAUROPHRAGMA
1300 2343 1448 2391 Fisch.
1473 2351 1515 2390 et
1540 2343 1660 2404 Πομ.
1686 2343 1786 2390 ind.
1813 2342 1861 2388 9.
1888 2342 2008 2389 hort.
2035 2348 2211 2401 peu-op.
2232 2355 2284 2401 p.
2310 2342 2397 2389 90.

400 2455 568 2539 Calyx
600 2454 920 2527 5—partitus.
945 2453 1170 2524 Corolla,
1197 2457 1431 2513 stamina
1461 2463 1516 2512 et
1532 2455 1704 2529 stylus
1728 2455 1937 2512 Celsiae.
1968 2453 2197 2527 capsula
2228 2454 2559 2526 cylindrica,

329 2528 691 2595 indehnscenS,
723 2525 899 2581 valvis
926 2527 1165 2599 margine
1190 2527 1462 2596 involutis»,
1484 2526 1927 2597 sub-blocularis,
1951 2525 2313 2599 polysperma,
2385 2526 2565 2583 lacen-

332 2600 398 2655 tis
415 2600 448 2654 4
464 2597 708 2655 discretis
729 2597 1134 2669 marginalibus.
1162 2599 1382 2655 Semina
1407 2599 1908 2671 lacunoso-rugosa.
1925 2628 1998 2640 —
2013 2596 2205 2653 Planta
2231 2614 2298 2653 ex
2319 2613 2352 2654 c
2377 2641 2391 2654 .
2415 2605 2559 2655 auct.

329 2671 674 2744 capsulamm
697 2669 968 2725 structura
992 2669 1257 2742 insignita,
1291 2670 1482 2727 habitu
1507 2670 1784 2740 verbasci,
1822 2670 2041 2726 {loribus
2065 2668 2275 2726 Celsiae.

332 2778 381 2829 S.
418 2777 747 2826 Naronem!
771 2774 965 2838 (Fisch.
997 2775 1127 2840 Mey.
1165 2774 1202 2824 l.
1232 2775 1318 2839 c.).
1366 2776 1426 2825 In
1459 2776 1676 2826 Natolia.
1701 2803 1769 2814 --
1790 2774 1956 2826 Caulis
1986 2775 2289 2839 2-3-pedalis
2332 2775 2444 2825 basi
2489 2780 2563 2824 to-

397 2850 666 2900 memmius,
709 2843 844 2907 apice
882 2842 1072 2908 glaber.
1109 2843 1248 2893 Folia
1288 2849 1505 2895 tomento
1544 2844 1737 2893 stellato
1773 2843 1981 2901 cinerea,
2025 2842 2561 2906 lanceolam-oblonga,

400 2918 562 2971 acuta,
584 2909 918 2974 integerrima,
933 2910 1324 2974 4-5-pollicaria,
1351 2910 1602 2975 superiora
1622 2911 1815 2961 minora
1837 2910 2041 2959 sessilia.
2067 2908 2440 2958 Infloreseentia
2459 2909 2563 2958 basi

395 2993 606 3039 ramosa,
631 2977 748 3042 pilis
768 2975 1076 3041 glandulosis
1100 2977 1343 3042 adspersa.
1364 2978 1583 3028 Bracteae
1611 2985 1767 3027 ovatae
1791 2984 1838 3026 et
1861 2976 2084 3041 pedicelli
2106 2976 2192 3024 vix
2215 2979 2248 3023 2
2270 2976 2366 3025 lin.
2390 2977 2561 3041 longa.

398 3049 566 3098 Flores
603 3045 950 3094 suaveolentes.
988 3043 1182 3108 Calycis
1218 3045 1415 3095 laciniae
1436 3046 1661 3094 lineares.
1701 3044 1898 3094 Corolla
1919 3044 2146 3108 pollicem
2171 3043 2293 3101 lata,
2319 3044 2438 3092 laete
2460 3044 2561 3092 sul-

392 3115 598 3179 phurea,
625 3111 780 3160 fundo
800 3111 1337 3176 purpureo-maculata.
1372 3111 1606 3162 Antherae
1642 3113 1875 3175 aequales.
1905 3110 2117 3176 Capsula
2140 3111 2223 3157 7-8
2256 3110 2353 3160 lin.
2392 3110 2561 3176 longa.

398 3181 810 3247 Dissepimentum
832 3178 1124 3239 cruciatum,
1149 3180 1375 3244 margine
1393 3178 1747 3230 seminiserum.
1772 3178 1969 3228 Semina
1993 3190 2271 3227 numerosa.

334 3316 545 3379 Tribus
581 3318 678 3377 lv.
727 3312 1345 3375 HEMIMERIDEAE
1370 3311 1574 3456 Bergk.
1613 3311 1675 3374 in
1711 3308 1899 3374 Hoolt.
1935 3328 2117 3391 comp.
2154 3306 2268 3372 bot.
2302 3328 2462 3392 τηειρ.
2497 3311 2553 3371 2.

1350 3413 1411 3476 p.
1524 3438 1542 3457 .

416 3541 586 3620 calyx
624 3542 936 3619 5-partitus
962 3541 1052 3603 vel
1086 3541 1269 3602 rarius
1296 3539 1536 3603 5-fidus.
1570 3539 1789 3602 Corolia
1813 3549 1993 3600 rotata
2036 3536 2123 3599 vel
2160 3534 2427 3598 tubulosa
2455 3534 2559 3596 sub

332 3622 481 3685 labio
508 3623 694 3682 antico
719 3623 1125 3683 1-2-calfcarata
1151 3635 1366 3684 saccata
1389 3620 1479 3681 vel
1498 3621 1756 3683 fossulata
1776 3665 1792 3692 ,
1820 3619 2041 3681 fossulis
2066 3617 2251 3679 rarius
2274 3617 2370 3696 (in
2394 3617 2561 3679 Alon-

335 3703 463 3785 soa)
494 3701 772 3771 evanidiS,
807 3701 966 3761 limbi
1013 3702 1155 3763 lobis
1200 3702 1530 3780 a-5-planis
1551 3748 1566 3773 ‚
1614 3700 1937 3763 lateralibus
1967 3718 2101 3761 cum
2131 3698 2366 3775 posticis
2392 3698 2451 3757 in
2478 3696 2559 3757 la-

333 3784 490 3846 bium
519 3783 780 3861 superius
801 3781 886 3841 vel
906 3799 1040 3843 cum
1066 3783 1255 3845 antico
1277 3783 1336 3843 in
1364 3782 1578 3845 labium
1601 3783 1838 3844 iuferius
1858 3780 2275 3860 approximatis,
2289 3779 2542 3840 Stamina

333 3870 371 3929 ἱι
396 3865 483 3927 vel
508 3868 544 3925 2
566 3908 582 3933 ‚
605 3862 1002 3924 adscendentia
1031 3863 1119 3924 vel
1151 3864 1209 3923 in
1240 3863 1481 3926 Alonsoa
1510 3864 1816 3934 declinata,
1848 3863 2056 3940 saepius
2084 3860 2297 3921 brevia.
2335 3857 2558 3921 Anthe-

330 3963 526 4007 rarum
556 3944 724 4005 loculi
761 3961 917 4004 nunc
950 3945 1010 4003 in
1051 3960 1233 4004 uuum
1267 3947 1651 4017 confluentes,
1703 3961 1859 4004 nuuc
1902 3943 2091 4003 medio
2130 3940 2430 4001 constricti
2476 3936 2559 3999 vel

331 4025 602 4086 distincti.
642 4023 833 4101 stylus
857 4024 1077 4100 integer
1102 4025 1260 4100 apice
1281 4025 1527 4085 tenuiter
1555 4025 1641 4087 vel
1679 4025 1965 4102 capitatim
1994 4024 2369 4100 stigmatosus.
2409 4024 2554 4095 Gap-

331 4106 452 4167 sula
478 4102 711 4166 bivalvis
727 4148 745 4175 ,
775 4102 1010 4165 valvulis
1027 4103 1262 4180 integris
1290 4102 1578 4179 bifidum,
1610 4106 1897 4168 rarissime
1927 4104 2023 4184 (in
2051 4101 2361 4179 Angelonia
2390 4117 2546 4163 cam-
