2808 4538
313 255 447 318 272
873 252 1275 318 DICOTYL.
1328 272 1444 315 sno
1487 247 1975 314 EXOGENAE.
2287 277 2541 315 minu.

318 367 410 417 3οῬ
456 367 512 416 L.
539 378 903 415 ΡΥΒΑΜῙΒΑΤΔ
936 366 1180 429 (Spreng.
1213 369 1333 427 syst.
1367 366 1419 410 2.
1464 378 1516 426 p.
1556 364 1671 409 796.
1707 359 1885 409 Chav.!
1926 375 2062 426 mon,
2090 377 2138 425 p.
2174 363 2325 424 125),
2354 373 2543 424 erecta,

336 490 343 497 ,
380 435 535 494 elata,
562 434 778 497 glauca,
808 433 940 482 foliis
984 433 1226 496 plerisque
1268 430 1471 479 alternis
1507 435 1674 477 ovato·
1709 428 1788 475 vel
1840 428 2364 492 oblongo-lanceolatis
2392 433 2548 479 acutis

382 500 944 563 semiamplexicaulibus
974 499 1208 560 cauleque
1241 495 1579 560 glaber-rimis,
1611 494 1816 543 fioribus
1837 494 1888 542 in
1927 495 2062 558 spica
2087 494 2234 544 densa
2262 497 2543 557 sessilibus,

286 595 291 600 -
381 568 566 630 calycis
587 568 849 631 segmentis
868 562 1262 628 ovato-oblongis
1281 564 1471 611 obtusis
1487 561 1686 610 lanatis.
1722 561 1772 612 Ἡ
1805 561 1858 609 in
1884 561 2101 610 Caucaso
2119 562 2463 626 (Ledebourl)
2489 565 2551 612 ad

382 650 564 698 pagum
578 634 745 682 Swant
766 633 993 697 (Fischer
1010 633 1021 680 !
1038 637 1070 690 ),
1093 632 1144 679 in
1170 630 1369 679 Oriente
1394 628 1723 691 (Tournesort
1737 630 1772 689 ).
1791 627 2015 675 Antirrh.
2029 629 2546 691 pyramidatumLam.

386 701 503 749 dict.
525 701 638 763 4.p.
658 704 774 749 360.
798 700 976 748 Planta
998 697 1310 761 2-3-pedalis,
1329 697 1639 758 calycibuset
1661 695 1828 743 ovatio
1843 696 2055 757 exceptis
2071 696 2386 756 glaberrima.
2407 697 2448 746 F
2450 698 2552 746 olia

382 769 614 831 pleraque
644 765 947 822 3-5·nervia‚
979 769 1011 813 2
1035 766 1142 828 (vel
1168 780 1229 812 ex
1251 764 1403 812 Chav.
1436 763 1555 824 3-5)
1581 762 1702 825 poll.
1731 762 1899 824 longa,
1927 766 1957 808 6
1985 763 2088 824 (vel
2117 777 2178 811 ex
2199 762 2355 812 Chav.
2395 766 2550 826 8-10)

386 834 478 882 lin.
506 835 625 882 lata.
657 833 799 896 Spica
822 833 973 896 longa
996 832 1163 880 densa.
1188 830 1387 879 Corolla
1410 844 1592 892 magna
1631 827 1777 877 flava.
1823 829 2034 891 Capsula
2075 834 2126 877 et
2158 830 2350 878 semina
2389 830 2551 879 adhuc

379 900 677 963 indescripta
702 907 751 948 et
774 899 899 947 mihi
932 901 1130 964 ignota,
1175 897 1356 945 idairoo
1396 897 1534 944 locus
1572 896 1702 944 inter
1743 895 1965 944 Grandes
1999 895 2075 943 vel
2099 895 2351 958 Speciosas
2391 897 2550 945 incer-

385 975 485 1015 tus.
515 968 597 1030 (v.
623 968 697 1028 s.)

318 1054 402 1101 31.
426 1051 484 1099 L.
511 1050 861 1099 Gmrrrrnm1
879 1083 892 1106 ‚
930 1055 1115 1104 erecta,
1142 1048 1301 1106 elata,
1341 1046 1687 1109 glaucesoens‚
1721 1044 1852 1093 foliis
1873 1044 2117 1106 plerisque
2155 1043 2360 1092 alternis
2378 1051 2549 1094 ovato-

384 1118 670 1166 lanoeolatis
689 1115 846 1164 acutis
871 1112 1436 1177 semiamplexicaulibus
1456 1112 1689 1173 cauleque
1712 1111 1914 1173 glabris,
1944 1110 2147 1159 floribus
2166 1112 2218 1158 in
2246 1111 2380 1174 spica
2399 1112 2552 1174 longa

385 1184 634 1233 sessilibus
655 1218 667 1242 ‚
698 1183 879 1246 calycis
901 1181 1166 1244 segmentis
1190 1179 1674 1228 lineari-lanceolatis
1697 1177 2018 1225 acutiusculis
2046 1177 2446 1226 lanato-villosis.
2493 1179 2551 1226 In

384 1266 536 1314 regno
555 1249 791 1299 Cabulico
817 1248 1096 1310 (Griffithsl
1119 1263 1171 1295 n.
1204 1249 1298 1294 608
1315 1251 1353 1308 ).
1375 1245 1556 1293 Praeter
1600 1245 1874 1306 sepalorum
1904 1245 2114 1292 formam
2142 1244 2198 1292 L.
2225 1245 2554 1307 pyramidatae.

386 1316 657 1366 simillima.
680 1316 901 1364 Corollas
925 1330 1023 1362 non
1051 1314 1150 1362 vidi
1203 1313 1400 1362 Semina
1425 1311 1671 1359 discoidea
1694 1311 1990 1373 marginata.
2017 1315 2091 1370 (v.
2121 1310 2171 1357 in
2198 1310 2339 1358 herba
2363 1311 2553 1373 Hook.)

321 1387 403 1433 32.
431 1384 487 1433 L.
516 1395 967 1432 contexturaons
987 1417 999 1438 ‚
1031 1388 1190 1429 erecta
1208 1416 1220 1437 ‚
1246 1381 1401 1438 elata,
1425 1378 1740 1443 glauccsccns
1756 1412 1769 1435 ,
1807 1377 1938 1425 soliis
1975 1377 2219 1440 plerisque
2241 1378 2448 1425 alteruis
2469 1379 2554 1425 ob-

389 1449 851 1513 longo-lanceolatis
886 1447 1134 1496 sessilibus
1167 1447 1402 1507 cauleque
1444 1444 1658 1508 glabris,
1689 1443 1890 1492 floribus
1926 1443 1979 1490 in
2027 1444 2162 1507 spica
2183 1443 2406 1504 oblonga
2429 1459 2550 1492 con-

385 1518 547 1574 fertis,
577 1516 759 1578 calycis
782 1515 1046 1578 segmentis
1070 1513 1226 1562 ovatis
1253 1514 1327 1561 vel
1363 1510 1759 1573 ovato-oblongis
1794 1510 2194 1567 lanato-villosis,
2216 1512 2417 1558 corollae
2454 1512 2554 1558 cal-

385 1599 496 1632 care
521 1584 639 1630 tubo
660 1584 808 1646 longo
840 1582 1002 1644 amplo
1025 1580 1259 1628 breviore.
1278 1579 1412 1625 —in
1433 1578 1784 1640 Mesopotamia
1809 1576 2060 1639 (Kotschy
2082 1576 2094 1624 !
2123 1593 2174 1624 n.
2206 1579 2348 1637 170).
2374 1577 2551 1625 Affinis

385 1650 441 1699 L.
462 1649 799 1713 pyramidatae.
824 1648 961 1696 Folia
978 1646 1134 1695 multo
1143 1646 1431 1710 augustiora
1444 1645 1548 1692 basi
1561 1659 1660 1691 non
1672 1642 2067 1706 amplexicaulia.
2084 1642 2226 1705 Spica
2241 1642 2549 1692 brevissima.

384 1716 582 1766 Corolia
602 1716 748 1779 paulo
775 1716 954 1773 minor,
983 1715 1171 1762 calcare
1194 1713 1434 1760 breviore.
1456 1711 1615 1774 Calyx
1655 1711 1880 1758 fructifer
1920 1708 2062 1757 valde
2102 1715 2293 1758 auctus.
2337 1710 2552 1773 Capsula

386 1783 701 1847 subglobosa.
729 1782 923 1830 Semina
942 1780 1040 1828 late
1063 1779 1321 1827 discoidea.
1350 1781 1432 1840 (v.
1457 1795 1479 1824 s
1509 1778 1527 1840 )

262 1880 267 1884 ·
321 1869 406 1914 33.
430 1865 490 1912 L.
518 1876 847 1912 FAsrmlArA
870 1861 1081 1923 (Chav.!
1112 1877 1246 1909 mon.
1276 1876 1323 1923 p.
1358 1860 1472 1906 125.
1511 1866 1548 1907 t.
1581 1860 1630 1906 7.
1651 1858 1690 1905 f.
1717 1859 1797 1920 a),
1829 1865 2017 1915 erecta,
2046 1858 2199 1912 elata,
2227 1858 2545 1921 glaberrima,

384 1932 584 1994 glauca,
613 1930 820 1978 ramulis
844 1929 1133 1993 fastigiatiS‚
1161 1928 1294 1976 foliis
1330 1927 1533 1974 alternis
1575 1925 2028 1973 ovato-lanceolatis
2052 1925 2280 1988 oblongis
2306 1926 2550 1973 lanceola-

385 1998 508 2045 tisve
526 1996 802 2054 sessilibus‚
832 1994 1033 2043 floribus
1066 1995 1278 2042 breviter
1322 1992 1620 2055 pedioellatis
1659 1992 1713 2039 in
1752 1992 1899 2054 spicis
1937 1991 2194 2050 confertis,
2234 1992 2421 2054 calycis
2444 2007 2549 2055 seg-

386 2064 563 2111 mentis
587 2061 1040 2111 ovato-lanoeolatis
1060 2060 1350 2122 oblongisve
1369 2058 1707 2107 acutiusculis.
1744 2059 1788 2105 2:
1819 2056 1843 2105 ?
1863 2058 1991 2106 inter
2011 2057 2218 2122 Bagdad
2238 2065 2289 2106 et
2309 2059 2549 2106 Kerman-

282 2155 293 2164 ·
387 2130 480 2178 cha
505 2129 709 2190 (Olivicr
732 2129 807 2189 !)‚
836 2128 886 2175 in
912 2127 1079 2175 Persia
1107 2126 1393 2175 occidentali
1423 2125 1663 2184 [Aucherl
1704 2141 1757 2173 n.
1781 2125 1956 2186 1917),
1985 2123 2110 2173 inter
2138 2125 2265 2172 Fora
2282 2133 2330 2172 ct
2349 2125 2548 2173 Schiraz

389 2195 645 2258 (Aucherl
674 2211 725 2241 n.
749 2195 932 2255 5070).
967 2193 1147 2241 Planta
1194 2192 1506 2255 2-3-pedalis‚
1548 2191 1680 2240 soliis
1706 2206 1854 2254 quam
1879 2191 1934 2238 in
1960 2191 2014 2239 L.
2044 2190 2310 2239 dalmatica
2332 2192 2439 2239 basi
2467 2207 2551 2239 an-

386 2263 595 2327 gustior.
633 2262 830 2325 Calycis
875 2267 1126 2325 segmenta
1166 2264 1197 2308 2
1237 2260 1325 2308 lin.
1366 2260 1443 2307 vel
1480 2274 1762 2323 supremum
1786 2263 1814 2306 3
1843 2257 1930 2306 lin.
1966 2258 2135 2323 longa.
2171 2258 2341 2307 Flores
2375 2258 2551 2322 saepius

392 2330 529 2377 densi
555 2329 834 2386 numerosi,
866 2342 1011 2390 quam
1034 2328 1085 2375 in
1110 2328 1167 2376 L.
1195 2327 1393 2391 vulgari
1434 2326 1666 2374 minores.
1694 2326 1894 2375 Corona
1929 2323 2056 2373 flava
2076 2360 2089 2385 ‚
2116 2324 2306 2373 calcare
2346 2328 2407 2374 est
2446 2327 2551 2374 bre-

391 2397 555 2456 viore,
586 2397 749 2459 palato
773 2395 962 2443 lanam.
988 2396 1064 2457 (v.
1092 2394 1143 2442 in
1167 2394 1218 2442 h.
1246 2393 1408 2441 Hook.
1435 2399 1483 2441 et
1501 2392 1634 2455 DC.)

457 2479 523 2551 33?
550 2482 847 2539 anqustisolia
869 2514 882 2538 ,
910 2480 1047 2527 caule
1072 2475 1448 2540 simpliciore—
1471 2476 1529 2524 In
1567 2476 1708 2539 Syria
1737 2476 1752 2536 ζ
1768 2474 1993 2523 Auchcr!
2040 2491 2092 2522 n.
2120 2438 2270 2536 375),
2297 2474 2351 2522 in
2389 2482 2551 2525 monte

521 2546 715 2677 &gagio
751 2545 1004 2609 (Aucherl
1033 2562 1082 2592 n.
1123 2544 1305 2605 1906).
1332 2544 1413 2591 An
1440 2542 1596 2604 hujus
1618 2558 1702 2590 seu
1739 2541 1983 2604 sequentis
2021 2539 2218 2590 forma?
2239 2544 2312 2605 (v.
2342 2557 2385 2590 s.
2412 2542 2547 2591 herb.

328 2696 411 2746 34.
452 2697 511 2745 L.
561 2697 820 2745 KURmCA
845 2696 1029 2757 (Boiss.
1075 2702 1122 2743 et
1163 2693 1353 2741 Hohen.
1379 2690 1390 2738 !
1435 2692 1605 2755 diagn.
1661 2692 1729 2754 pl.
1777 2707 1850 2741 or.
1894 2707 1943 2755 p.
1987 2691 2111 2753 73),
2151 2699 2310 2739 erecta
2332 2727 2345 2747 ‚
2390 2692 2548 2745 elata.

391 2764 713 2828 glaberrima,
744 2763 952 2825 glauca,
993 2776 1201 2824 superne
1242 2760 1411 2807 stricte
1457 2774 1680 2817 ramosa,
1728 2758 1863 2807 soliis
1889 2759 2090 2807 alternis
2131 2758 2422 2807 lanceolatis
2449 2761 2552 2807 basi

393 2832 671 2894 angustatis
694 2830 961 2887 sessilibus‚
993 2828 1194 2875 floribus
1213 2826 1425 2874 breviter
1449 2825 1748 2889 pedicellatis
1771 2824 2046 2873 laxiuscule
2069 2824 2347 2883 racemosis‚
2372 2826 2553 2888 calycis

396 2898 662 2962 segmentis
697 2896 925 2961 oblongis
950 2893 1267 2943 acutiusculis
1290 2928 1302 2947 .
1334 2892 1536 2954 capsula
1578 2892 1782 2955 globosa
1826 2892 2043 2955 calycem
2087 2898 2364 2955 superante.
2399 2893 2450 2945 25.
2500 2892 2550 2940 in

392 2963 712 3014 Kurdistania
761 2964 844 3026 (J.
896 2960 1106 3011 Brandt!
1134 2965 1149 3021 )
1198 2959 1379 3007 ibidem
1446 2961 1498 3006 in
1562 2958 1831 3005 declivibus
1872 2958 2103 3006 culcareis
2159 2959 2341 3006 montis
2408 2960 2551 3008 Garae

393 3030 673 3095 (Kotsohy!
727 3046 778 3077 n.
821 3032 910 3077 391
939 3031 972 3085 >.
1018 3028 1156 3075 Hanc
1198 3027 1418 3090 plantam
1455 3040 1545 3088 pro
1593 3025 1825 3072 varietate
1869 3024 2185 3087 praecedentis
2224 3024 2379 3073 habui
2400 3062 2414 3085 ,
2471 3025 2551 3074 sed

392 3099 518 3147 forte
539 3114 637 3146 non
662 3097 908 3144 immerito
932 3094 1159 3142 distinxit
1183 3094 1246 3140 cl.
1274 3092 1505 3142 Boissier.
1533 3091 1708 3139 Differt
1731 3092 1972 3155 praecipue
2001 3091 2198 3140 corollis
2232 3092 2513 3139 minoribus
2533 3126 2547 3151 ,

390 3164 597 3213 racemis
625 3163 897 3213 laxioribus
920 3169 967 3210 et
1000 3160 1131 3209 foliis
1156 3161 1309 3223 vulgo
1336 3162 1456 3220 (nec
1476 3163 1788 3219 constanter)
1823 3158 2209 3222 angustioribus.
2237 3158 2440 3206 Semina
2458 3158 2552 3206 late

390 3231 635 3280 discoidea
653 3238 701 3279 et
718 3229 888 3293 planta
908 3229 991 3277 vix
1014 3228 1111 3275 nisi
1131 3227 1226 3274 hoc
1244 3226 1528 3273 charactere
1546 3240 1576 3273 a
1600 3224 1659 3273 L.
1685 3224 1988 3288 genistisolia
2002 3224 2369 3288 distinguenda.
2395 3226 2476 3286 (v.
2489 3228 2548 3286 s.)

392 3297 571 3345 Planta
592 3295 973 3360 Mesopotamica
992 3312 1021 3342 a
1044 3293 1294 3356 Kotschyo
1318 3292 1445 3340 lecta
1467 3308 1518 3338 n.
1546 3292 1659 3348 184,
1683 3291 1801 3339 huic
1821 3291 1983 3339 affinis
2016 3291 2206 3339 videtur
2226 3290 2310 3339 sed
2348 3291 2513 3339 minor
2531 3326 2543 3348 ‚

397 3371 445 3411 et
470 3364 739 3411 seminibus
769 3379 866 3411 non
892 3362 1012 3409 visis
1033 3360 1212 3408 certius
1237 3359 1557 3407 determinare
1578 3374 1778 3420 nequeo.

331 3447 413 3492 35.
447 3444 504 3492 L.
539 3443 764 3493 ITALICA
800 3444 974 3495 (Trev.
1001 3441 1185 3492 Chav.!
1212 3456 1346 3488 mon.
1376 3457 1428 3504 p.
1465 3442 1619 3501 130),
1646 3446 1822 3497 erecta,
1858 3440 2155 3504 glaberrima
2180 3456 2393 3500 ramosa,
2423 3440 2550 3489 foliis

396 3511 599 3558 alternis
635 3509 1126 3559 lineari-lanceolatis
1164 3507 1489 3556 linearibusve
1525 3506 1728 3555 floribus
1765 3507 2065 3571 pedicellatis
2086 3507 2336 3565 confertis,
2367 3507 2550 3571 calycis

394 3577 661 3640 segmentis
685 3576 1165 3624 lineari-lanceolatis
1187 3574 1363 3631 acutis,
1384 3575 1586 3636 capsula
1607 3573 1996 3637 ovato-globosa,
2022 3574 2291 3622 seminibus
2315 3575 2368 3621 in
2393 3573 2551 3621 medio

395 3642 527 3691 disco
553 3643 739 3690 minute
763 3643 1099 3690 tuber-culosis.
1128 3641 1176 3701 ᾙ
1203 3642 1255 3689 in
1271 3641 1398 3689 clivo
1418 3640 1723 3688 meridionali
1745 3640 1944 3702 Alpium
1968 3640 2171 3703 Europae
2187 3656 2218 3687 a
2237 3640 2551 3690 Pedemontio

397 3724 553 3771 usque
585 3708 648 3756 ad
680 3709 892 3770 Styriam
923 3716 969 3755 et
994 3708 1295 3755 Banatus.—
1318 3707 1520 3754 Reichb.
1554 3706 1681 3754 icon.
1709 3713 1744 3754 t.
1773 3707 1889 3753 421.
1916 3706 2143 3755 Antirrh.
2169 3706 2551 3769 genistaefolium

397 3776 522 3824 vill.
552 3781 599 3822 et
641 3784 771 3822 auct.
806 3775 936 3837 plur.
979 3789 1077 3822 non
1107 3775 1254 3822 Linn.
1287 3774 1514 3822 Antirrh.
1545 3773 1964 3837 polygala-solium
1994 3773 2129 3822 Poir.
2156 3774 2275 3823 dict.
2304 3789 2398 3837 sup
2429 3774 2467 3821 l.
2498 3775 2547 3821 4.

397 3857 447 3904 p.
473 3842 556 3889 21.
586 3840 700 3889 Lin.
728 3840 1049 3903 angustifolia
1087 3840 1289 3889 Reichb.
1318 3839 1369 3887 fl.
1399 3840 1566 3888 Germ.
1594 3855 1703 3887 cxc.
1735 3856 1784 3904 p.
1812 3843 1928 3887 375.
1960 3839 2017 3887 L.
2046 3839 2260 3888 linifolia
2287 3790 2445 3888 Rocfi.
2481 3840 2546 3903 pl.

398 3908 515 3955 ban.
552 3912 589 3954 t.
626 3909 710 3953 22.
758 3907 794 3953 f.
824 3908 885 3953 47
922 3913 970 3953 et
993 3914 1120 3954 auct.
1156 3907 1282 3969 plur.
1322 3922 1420 3954 non
1448 3906 1600 3955 Chav.
1627 3905 1854 3954 Antirrh.
1894 3905 2106 3955 Bauhini
2132 3906 2293 3955 Gaud.
2330 3907 2385 3954 fl.
2421 3906 2546 3954 helv.

396 3977 445 4021 3.
474 3988 523 4036 p.
564 3974 676 4019 154.
712 3971 932 4020 Antirrh.
963 3973 1366 4036 angustissimum
1400 3973 1533 4021 Lois.
1560 3980 1663 4021 not.
1694 3973 1856 4036 suppl.
1882 3989 1931 4036 p.
1961 3974 2052 4020 167
2088 3987 2151 4020 ex
2181 3973 2335 4023 Char.
2371 3987 2547 4036 synon.

398 4039 453 4087 in
476 4038 609 4087 Lois.
639 4037 691 4085 fl.
726 4040 789 4085 sr.
811 4038 886 4086 ed.
915 4041 946 4084 2
971 4039 1223 4087 omissum.
1256 4038 1367 4086 Lin.
1393 4039 1678 4102 paniculata
1697 4040 1852 4103 Peyer
1872 4046 1920 4087 et
1936 4040 2058 4088 Vest
2079 4040 2131 4088 in
2150 4040 2298 4089 Flora
2318 4042 2466 4087 1829.
2499 4039 2545 4085 1.

398 4105 557 4155 Beibl.
584 4120 631 4167 p.
660 4104 973 4154 30.—Char.
1001 4110 1051 4152 et
1082 4104 1375 4166 synonymia
1402 4122 1429 4152 e
1452 4107 1809 4171 monographifl
1838 4106 2036 4155 laudata
2068 4107 2264 4157 selecta.
2291 4107 2372 4156 Ex
2395 4105 2550 4169 speci-
