2808 4538
258 280 560 323 renones.
674 251 1562 336 SCROPHULARIACEAE
1610 250 1866 346 (merua
1895 259 2136 321 BENTH.
2158 261 2201 350 ).
2328 253 2488 329 -465

325 373 529 438 specim.
564 371 627 420 ab
660 374 940 423 auctoribus
969 374 1088 424 visis
1109 390 1359 438 nunquam
1378 372 1595 437 pinnatis
1619 379 1667 422 et
1691 374 1846 424 barba
1864 373 2061 425 interna
2095 375 2294 425 corollae
2332 375 2480 424 densa

324 456 352 490 e
396 441 516 490 tubo
538 440 846 501 prominente
885 441 986 490 illis
1017 441 1248 491 distincta
1267 441 1483 489 videtur.
1517 439 1685 488 Flores
1713 442 1826 490 laete
1856 443 2074 491 coerulei.
2109 441 2334 505 Capsulse
2365 442 2483 492 obo-

321 515 450 556 vatae
477 506 726 555 levissime
760 506 1097 572 emarginatae‚
1126 509 1328 557 omnino
1353 507 1419 556 V.
1442 507 1678 570 pinnatae.

258 594 339 640 34.
376 590 443 639 V.
475 601 662 638 melsa
685 589 936 648 (Soland.l
979 592 1032 639 in
1056 592 1161 640 Ait.
1187 592 1319 641 hort.
1359 591 1497 639 Kew.
1528 592 1573 638 l.
1617 606 1664 653 p.
1695 591 1806 653 19),
1834 592 1977 641 caule
2003 593 2180 657 glabro
2204 592 2278 641 vel
2313 606 2481 642 canes-

319 664 458 706 cente
479 658 789 719 pubescente,
822 656 953 707 soliis
978 658 1155 722 sparsis
1177 658 1466 707 lanceolatis
1496 656 1556 704 ad
1581 657 1798 705 medium
1826 660 1903 707 vel
1933 660 2017 707 vix
2052 657 2343 722 profundius
2367 660 2481 722 pin·
2528 683 2533 688 ·

326 722 544 772 natifidis
561 722 690 770 lobis
705 722 891 772 lanceol
899 725 993 773 atis
1011 726 1187 785 acutis,
1207 724 1414 773 racemis
1431 723 1662 773 solitariis
1682 724 2035 786 paniculatisve
2054 726 2339 790 gracilibus,
2358 725 2486 789 pedi·-

323 790 460 839 eellis
475 790 644 851 calyce
665 790 1082 854 sublongioribus.
1106 788 1175 853 Ίί
1195 792 1246 842 in
1269 790 1450 840 Sibiris
1466 803 1641 854 propre
1664 790 1853 839 Zmeoff
1869 799 1917 840 et
1938 791 1990 839 fl.
2021 791 2199 841 Ouban
2224 792 2443 852 (Patr-inl
2468 795 2484 855 )

324 855 562 905 -LodtL
586 856 691 903 bot.
718 857 826 906 cab.
853 864 890 905 t.
921 859 1068 906 1397.
1095 859 1160 906 V.
1185 858 1420 907 laciniata
1441 856 1665 906 Soland.l
1687 858 1723 905 l.
1751 873 1795 905 c.
1821 856 1888 905 V.
1926 859 2250 907 sublaciniata
2274 857 2337 907 G.
2370 860 2482 907 Don

327 938 442 987 gen.
465 928 594 985 syst.
610 923 664 970 4.
681 937 733 985 Ρ.
751 926 847 972 367
862 923 886 972 ’ἓ
904 925 970 972 V.
994 925 1243 974 maritima
1267 923 1478 988 hybrida
1508 922 1676 971 Linn.l
1706 923 1843 972 herb.
1881 924 2061 973 Forma
2098 924 2151 973 in
2183 925 2341 973 hortis
2383 926 2481 973 sre—

324 1005 477 1053 quens
497 988 715 1037 medium
737 996 870 1039 tenet
899 990 1027 1039 inter
1049 991 1116 1039 V.
1154 992 1409 1055 pinnatam
1433 995 1482 1038 et
1498 989 1567 1037 V.
1599 991 1931 1052 paniculatam
1972 997 2020 1039 et
2056 990 2384 1040 verisimiliter
2419 992 2483 1040 ab

324 1056 607 1105 auctoribus
625 1055 785 1105 Floroe
807 1058 1018 1118 altaicae,
1045 1072 1134 1107 nec
1147 1059 1312 1107 forsan
1330 1056 1575 1106 immerito
1593 1071 1681 1120 pro
1704 1057 1939 1106 varietate
1959 1056 2026 1104 V.
2045 1059 2264 1121 pinnatae
2290 1056 2478 1107 habita.

324 1124 530 1186 (ma.)

261 1208 343 1252 35.
382 1204 449 1253 V.
498 1218 740 1255 ominus
764 1205 986 1268 (Pisoni
1026 1205 1232 1270 Spreng.
1276 1220 1390 1253 neu.
1429 1201 1560 1253 entd.
1601 1207 1653 1254 2.
1680 1221 1733 1269 p.
1761 1206 1858 1253 122
1880 1204 1976 1268 ?),
2005 1206 2144 1255 caule
2175 1207 2481 1270 pubescente,

325 1270 459 1320 soliis
488 1273 722 1337 oppositis
754 1273 999 1336 petiolatis
1021 1273 1249 1336 oblongis
1269 1271 1387 1322 „basi
1420 1271 1634 1320 cordatis
1671 1272 1745 1319 vel
1787 1270 2293 1322 rotundato-cuneatis
2314 1288 2485 1337 grosse

328 1338 721 1388 inciso-dentatis
757 1337 1159 1402 pinnatifidisque
1191 1338 1387 1387 laciniis
1421 1338 1825 1402 evuli-oblongis,
1863 1338 2070 1388 racemis
2104 1339 2339 1388 solitariis
2365 1353 2486 1402 pau-

327 1404 457 1453 cisve
494 1396 762 1469 elongatis,
805 1405 1053 1468 pedioellis
1093 1405 1176 1452 vix
1206 1405 1374 1468 calyce
1408 1404 1740 1468 longioribus.
1760 1399 1830 1469 ‘26
1867 1405 1920 1454 in
1959 1405 2141 1454 Sibiria
2183 1405 2484 1468 (Fischerl)

330 1485 478 1534 prope
509 1471 834 1521 Nertschinsk
871 1471 934 1520 ad
954 1471 1158 1525 limites,
1175 1469 1498 1520 Cbinensinm
1539 1471 2009 1584 §anczaninowly
2033 1470 2246 1520 Habitus
2269 1478 2316 1520 et
2340 1471 2486 1520 flores

327 1537 618 1587 varietatum
639 1537 992 1587 nonnullarum
1015 1538 1081 1587 V.
1108 1537 1402 1601 longifoliae,
1431 1536 1516 1585 sed
1560 1537 1659 1586 olia
1699 1539 2013 1601 proportione
2034 1537 2226 1597 latiora,
2252 1536 2487 1586 inferiora

327 1603 616 1667 pinnatifida
636 1604 864 1653 dentibus
888 1605 1074 1653 lobisve
1110 1603 1226 1653 latis
1251 1603 1438 1652 obtusis
1472 1604 1551 1652 vel
1579 1605 1667 1652 vix
1691 1605 1870 1653 acutis.
1903 1604 2230 1654 Consistentia
2252 1602 2484 1653 foliorum

327 1669 428 1719 fere
446 1669 515 1719 V.
540 1671 858 1736 paniculatae.
883 1673 964 1735 (v.
990 1671 1043 1719 iu
1071 1670 1210 1719 herb.
1237 1670 1398 1720 Hook.
1425 1675 1475 1719 et
1494 1669 1632 1734 DC.)

262 1772 346 1819 36.
384 1770 452 1819 V.
489 1784 842 1821 ramenta-n
865 1771 1064 1834 (Linn.!
1092 1785 1219 1835 spec.
1244 1786 1295 1835 p.
1324 1772 1439 1831 18),
1475 1769 1617 1818 caule
1653 1770 1830 1833 glabro
1861 1771 1939 1820 vel
1959 1772 2171 1820 tenuiter
2191 1772 2486 1820 canescenti-

327 1837 568 1902 pubernlo
587 1874 600 1899 ,
645 1839 775 1888 foliis
810 1839 1050 1902 plerisque
1078 1838 1312 1901 oppositis
1344 1837 1637 1887 ternatimve
1672 1836 1981 1886 verticillatis
2009 1837 2293 1887 lanceolatis
2329 1837 2489 1885 acutis

330 1907 749 1955 serrato-crenatis
777 1906 886 1954 basi
928 1906 1206 1969 angustatis
1246 1904 1491 1968 petiolatis
1515 1904 1593 1952 vel
1624 1903 1785 1952 rarius
1825 1905 2174 1953 subsessilibus
2204 1904 2389 1968 glabris
2410 1904 2487 1952 vel

334 1970 419 2018 vix
442 1972 720 2035 puberulis,
750 1971 957 2020 racemis
989 1971 1284 2034 paniculatis
1317 1970 1467 2029 laxis,
1494 1969 1746 2033 pedicellis
1784 1971 1955 2035 calyce
1988 1967 2317 2035 longioribus,
2342 1966 2411 2033 26
2432 1970 2495 2040 in·

329 2039 601 2087 nemorosis
643 2039 853 2102 Europae
903 2036 1346 2087 austro-orientalis
1401 2045 1450 2085 et
1487 2036 1621 2085 Asine
1665 2037 1865 2086 rossicae
1903 2039 2214 2088 australioris
2251 2038 2313 2085 ab
2345 2036 2489 2086 Italis

330 2104 580 2167 superiore
600 2105 813 2168 (Moretti
827 2104 866 2167 l)
888 2119 1044 2167 usque
1061 2103 1122 2152 ad
1142 2103 1417 2153 Dahuriam
1440 2101 1660 2166 (Patrinl
1686 2103 1822 2165 etc.),
1841 2103 1893 2152 in
1910 2104 2069 2155 chius
2089 2104 2276 2154 boreali
2296 2104 2490 2166 (Steun-

333 2175 418 2219 ton
433 2169 480 2233 l)
506 2178 554 2219 et
576 2172 629 2219 in
647 2172 861 2234 Japonia
885 2170 1126 2233 (Sieboldl
1161 2205 1173 2217 .
1192 2170 1262 2219 V.
1278 2170 1448 2234 spuria
1468 2168 1637 2218 Linn.l
1665 2184 1794 2233 spec.
1812 2186 1860 2233 p.
1883 2170 2489 2220 13.V.1enmnthanolm.

333 2251 483 2286 mem.
506 2253 608 2287 soc.
631 2245 738 2287 nat.
762 2253 918 2288 mose.
936 2241 985 2287 2.
1012 2253 1061 2302 p.
1092 2238 1115 2286 1
1156 2237 1205 2286 4.
1223 2245 1260 2286 t.
1289 2239 1337 2285 8.
1357 2236 1425 2287 V.
1448 2235 1645 2287 Altaica
1656 2236 1695 2285 F
1698 2235 1820 2285 isch.
1844 2243 1940 2287 cat.
1961 2238 2093 2287 hort.
2107 2237 2313 2303 gorenk.
2339 2238 2487 2287 1812.

335 2303 403 2353 V.
429 2304 760 2369 amethystina
783 2303 953 2355 wind.
993 2319 1158 2353 enum.
1185 2304 1314 2354 hort.
1341 2304 1494 2352 berol.
1533 2305 1582 2352 1.
1608 2319 1657 2367 p.
1688 2304 1768 2351 17.
1784 2303 1851 2351 V.
1875 2305 2115 2354 serrulata
2131 2304 2262 2354 Pall.
2288 2305 2340 2352 in
2359 2303 2492 2352 Link

330 2370 498 2433 jahrb.
530 2372 609 2420 1-:3
634 2388 683 2436 p.
705 2373 790 2419 38.
815 2373 882 2421 V.
903 2370 1241 2420 ramosaPall.
1269 2371 1322 2419 in
1345 2370 1493 2418 Link.
1510 2370 1546 2418 l.
1572 2366 1647 2417 c.⁴?
1664 2368 1735 2418 V.
1759 2370 1953 2435 virgata
1973 2370 2104 2420 Link
2123 2372 2160 2419 l.
2187 2372 2303 2420 c.V.
2319 2370 2492 2421 foliosa

330 2437 538 2486 Waldst.
565 2444 614 2486 et
635 2439 740 2486 Kit.
769 2438 839 2501 pl.
865 2436 1021 2501 hung.
1047 2440 1097 2486 2.
1133 2453 1183 2501 p.
1213 2438 1325 2485 106.
1354 2443 1393 2484 t.
1423 2438 1538 2485 102.
1562 2436 1629 2485 V.
1654 2436 1914 2485 brevifolia
1932 2438 2070 2487 Bieb.
2097 2436 2150 2485 fl.
2179 2444 2311 2486 taur.
2348 2451 2487 2486 caue.

324 2505 375 2550 2.
404 2519 454 2566 p.
481 2507 529 2551 6.
548 2511 597 2552 et
619 2509 671 2553 3.
696 2520 747 2568 p.
774 2506 803 2552 8
823 2502 848 2551 ⁴?
868 2504 1035 2553 Caulis
1058 2503 1348 2566 l·3-pedalis
1362 2537 1375 2562 ,
1402 2503 1579 2566 soepius
1601 2502 1729 2564 pube
1744 2502 1879 2551 brevi
1897 2505 2030 2553 tenui
2048 2519 2323 2553 canescens.
2352 2503 2492 2553 Folia

330 2570 679 2631 crassiuseula‚
699 2570 882 2634 pallida
902 2605 915 2630 ,
945 2585 1094 2633 qnam
1116 2571 1169 2619 in
1197 2570 1262 2619 V.
1288 2569 1550 2634 longifoliss
1572 2569 1782 2625 minora,
1809 2570 1915 2618 basi
1938 2586 2127 2635 semper
2152 2578 2313 2629 acuta,
2344 2584 2491 2633 quam

330 2635 381 2684 in
406 2637 471 2685 V.
499 2637 684 2701 spicata
706 2636 995 2702 angustiora
1010 2672 1024 2697 ,
1050 2644 1100 2685 et
1123 2636 1300 2700 saepius
1331 2635 1625 2700 regulariter
1646 2642 1697 2684 et
1731 2636 2034 2687 acutiuscnle
2066 2645 2267 2687 serrata.
2293 2637 2491 2686 Raoemi

335 2705 607 2764 numerosi,
632 2704 866 2768 graciles,
897 2702 1187 2763 floribundi,
1213 2703 1423 2752 bracteis
1442 2701 1689 2751 brevibus.
1725 2702 1802 2765 (v.
1832 2718 1876 2751 s.
1898 2705 1915 2765 )

401 2793 455 2857 ρ.
487 2791 792 2848 αηφιειὶῐοιία
815 2822 828 2845 ,
871 2785 1004 2835 foliis
1037 2784 1368 2849 superioribus
1403 2785 1785 2833 sublinearibns.
1822 2785 1888 2834 V.
1921 2785 2084 2835 Hostii
2112 2785 2338 2835 Morettil
2367 2784 2491 2835 bibl.

450 2853 559 2902 ital.
590 2856 669 2902 12.
701 2868 751 2916 p.
773 2856 891 2902 369.
915 2852 984 2901 V.
1019 2851 1296 2901 Ticinensis
1330 2851 1459 2900 Poll.
1487 2850 1541 2898 fl.
1570 2864 1739 2900 veron.
1768 2855 1818 2899 3.
1847 2868 1960 2915 app.
1983 2869 2032 2915 p.
2072 2854 2190 2900 768.
2210 2852 2279 2900 V.
2304 2867 2490 2916 angus·

449 2919 615 2968 tifolia
646 2919 809 2969 Fisch.
837 2926 933 2968 cat.
960 2918 1093 2974 hort.
1119 2917 1327 2983 gorenk.
1364 2918 1433 2967 V.
1459 2917 1773 2966 linariaefolia
1794 2918 1920 2967 Pall.
1949 2919 2106 2967 ltoem.
2142 2918 2332 2968 Sehult.
2363 2926 2486 2984 syst.

439 2986 487 3033 1.
520 2994 678 3034 mant.
708 3003 757 3051 p.
785 2987 870 3034 94.
894 2985 962 3034 V.
987 2985 1316 3049 cartilaginea
1335 2983 1514 3034 Ledeb.
1541 2984 1605 3032 io.
1632 2983 1684 3032 fl.
1714 2986 1801 3033 alt.
1825 2991 1862 3033 t.
1889 2983 2008 3033 210.
2033 2986 2100 3048 (v.
2128 2985 2193 3046 s.)

401 3073 449 3115 γ.
488 3056 693 3115 ιῑοραηε,
736 3052 867 3103 foliis
902 3051 1132 3115 utrinque
1165 3051 1540 3115 pubescentibus
1563 3085 1576 3106 ‚
1616 3050 1793 3099 habitu
1832 3051 2095 3116 graciliore
2137 3051 2489 3101 tamosissima-

468 3114 538 3183 '26
554 3120 608 3167 in
652 3119 806 3183 pratis
845 3118 1064 3167 humidis
1118 3118 1251 3168 circa
1296 3117 1529 3167 Verviers
1564 3117 1617 3165 in
1659 3116 1834 3181 Belgio
1872 3116 2170 3181 (Lejenne).
2219 3117 2496 3181 Speeimina

469 3191 633 3234 tamen
660 3186 828 3234 omnia
848 3199 959 3248 quae
979 3183 1084 3233 vidi
1109 3200 1139 3232 a
1161 3185 1227 3233 cl.
1255 3184 1469 3248 Lejeune
1489 3184 1540 3232 in
1564 3182 1806 3231 herbar-iis
1826 3182 1978 3233 variis
2000 3190 2190 3247 recepta
2207 3219 2219 3243 ,
2246 3184 2496 3233 hortensia

469 3259 611 3312 sunt,
634 3258 683 3299 et
701 3251 809 3301 haee
832 3250 993 3301 forma
1011 3250 1187 3300 melius
1209 3250 1336 3300 forte
1352 3265 1465 3300 cum
1485 3250 1598 3299 aliis
1616 3250 1669 3298 in
1689 3249 1848 3299 hortis
1871 3251 2027 3300 enatis
2049 3252 2178 3300 inter
2198 3251 2265 3299 V.
2291 3252 2494 3315 panicu-

464 3318 618 3366 latam
658 3318 970 3383 longifoliam
1010 3323 1061 3366 et
1110 3317 1344 3381 spicatam
1386 3316 1749 3381 ambigentibus
1790 3317 2138 3367 enumeranda.
2182 3317 2250 3366 V.
2296 3318 2497 3383 elegans

468 3383 593 3434 DC.!
636 3393 732 3434 cat.
774 3384 903 3434 hort.
947 3399 1137 3447 monsp.
1165 3401 1215 3448 p.
1263 3384 1362 3432 154
1402 3390 1451 3432 et
1482 3383 1811 3432 verisimiliter
1845 3384 1943 3433 hue
1980 3385 2130 3434 etiam
2165 3384 2401 3433 ducendas
2423 3385 2490 3434 V.

464 3452 628 3500 mollis
659 3450 793 3500 Link
825 3451 992 3516 jahrb.
1028 3452 1109 3499 1-3
1144 3467 1193 3515 Ρ.
1242 3454 1340 3510 39,
1365 3449 1438 3499 V.
1478 3449 1808 3513 Stephaniana
1843 3451 2000 3500 Roem.
2039 3451 2230 3501 Schult.
2274 3459 2394 3517 syst.
2445 3453 2492 3501 1.

467 3525 622 3568 mant.
648 3533 697 3581 p.
729 3521 811 3567 96.
839 3526 906 3581 ᾖν.
932 3534 974 3566 s.
1000 3520 1068 3579 c.)
2390 3538 2396 3545 .

181 3642 234 3655 ·-
273 3617 356 3663 37.
395 3614 464 3663 V.
505 3626 849 3664 mucis-oms
874 3613 1071 3678 (Linn.!
1107 3628 1233 3678 spec.
1272 3629 1320 3677 p.
1372 3613 1488 3678 13),
1520 3614 1658 3662 caule
1681 3614 1854 3677 glabro
1884 3614 1959 3662 vel
1990 3615 2231 3678 pilosulo,
2263 3615 2391 3664 foliis
2413 3631 2495 3680 pe-

337 3681 526 3730 tiolatis
567 3682 808 3745 plerisque
841 3681 1074 3746 oppositis
1096 3680 1174 3729 vel
1196 3681 1426 3729 ternatim
1446 3680 1753 3729 verticillatis
1782 3695 1843 3728 ex
1873 3684 2017 3730 ovata
2043 3682 2118 3729 vel
2159 3682 2357 3730 cordata
2390 3684 2496 3732 basi

341 3748 630 3798 lanceolatis
664 3749 743 3796 vel
779 3747 1311 3810 acuminato-oblongis
1348 3747 1504 3795 acutis
1540 3752 1712 3810 argute
1748 3747 1971 3807 serrat-is,
2017 3748 2223 3797 racemis
2261 3749 2497 3798 solitariis

403 3815 576 3863 ucisve
616 3814 970 3873 densiusculis,
1014 3811 1262 3878 pedicellis
1302 3813 1468 3876 calyce
1512 3813 1813 3861 brevioribus
1855 3813 1933 3861 vel
1968 3814 2129 3863 rarius
2169 3815 2493 3878 longioribus.

431 3879 485 3928 in
508 3882 663 3944 pratis
694 3880 912 3929 humidis
934 3881 1143 3944 Europae
1177 3879 1354 3928 media
1375 3887 1423 3927 et
1446 3880 1700 3928 orientalis
1729 3895 1817 3928 nec
1837 3895 1937 3927 non
1972 3881 2104 3928 Asiae
2128 3883 2324 3931 rossicae
2344 3896 2498 3944 usque

342 3946 407 3995 αὖ
431 3948 615 3996 limites
628 3947 948 3996 Chinensinm
969 3947 1216 4009 frequens,
1240 3947 1384 3994 etiam
1409 3947 1460 3995 in
1484 3947 1697 4010 Japonis
1722 3945 2293 4009 (Siebold!)--Schrad.
2315 3962 2493 3996 comm.

341 4023 381 4063 t.
408 4016 461 4062 2.
489 4014 529 4061 f.
559 4014 607 4062 1.
633 4014 702 4063 V.
729 4015 988 4062 luxurians
1009 4013 1184 4062 Ledeb.
1216 4013 1279 4061 ic.
1313 4012 1366 4060 fl.
1387 4014 1475 4062 alt.
1501 4020 1540 4061 t.
1561 4013 1682 4060 211.
1708 4013 1900 4076 Species
1924 4013 2246 4077 polymorpba
2268 4015 2320 4061 in
2342 4013 2500 4061 hortis

339 4095 458 4129 cum
480 4080 547 4129 V.
573 4080 860 4144 particulata
885 4088 935 4129 et
952 4080 1019 4129 V.
1046 4079 1230 4144 spicata
1262 4080 1334 4128 ita
1361 4079 1566 4128 confusa
1583 4086 1632 4128 et
1652 4079 1953 4128 intermediis
1972 4081 2047 4127 vel
2069 4078 2295 4143 hybridis
2325 4094 2496 4127 nnme-

334 4147 460 4196 rosis
485 4146 664 4211 juncta
695 4154 752 4198 ut
787 4162 918 4212 aegre
957 4146 1300 4210 distinguitur.
1343 4145 1621 4210 Sper-imina
1652 4145 1896 4195 silvestria
1918 4144 2113 4194 facilius
2146 4145 2501 4207 dignoscuntur

447 4260 514 4305 x.
2148 4232 2237 4298 30
