2808 4538
1825 57 2317 160 ·„isffl“⁷*‘⁰‘i'“'
2546 149 2553 162 ,
2600 127 2621 150 ‚-

1836 163 1845 172 ⁰
2338 179 2487 246 7⁴51&
2512 153 2693 252 Ἱρή-β]

317 308 452 376 220
606 323 614 330 ·
874 299 1276 370 DIOOTYL.
1330 325 1445 370 ssu
1489 300 1980 369 EXOGENAE.
2145 313 2560 357 ommam.

383 421 689 486 pubescente,
725 418 927 469 ‘corollae
956 418 1090 467 labio
1121 418 1368 481 superiore
1397 416 1614 480 calycem
1653 416 1867 468 breviter
1897 420 2172 480 superante,
2203 413 2439 466 inferiore
2475 429 2563 478 pa·

382 493 513 537 tente
547 486 659 551 plus
695 484 843 550 duplo
879 484 1104 549 longiore
1141 485 1348 533 obovato
1373 484 1481 532 basi
1515 489 1765 533 contracto
1794 477 1930 531 infra
1956 482 2172 531 medium
2205 496 2236 529 a
2294 487 2393 529 rto.
2436 485 2471 543 ᾖ
2507 481 2563 529 in

383 553 609 604 Andibus
622 552 910 602 editioribus
923 550 1234 602 Chilensibus
1396 549 1633 613 !Bridges
1649 549 1662 597 !
1681 565 1733 597 ιι.
1752 541 1835 610 95,
1857 550 2072 614 Cuming
2091 549 2102 596 !
2121 564 2174 598 n.
2302 547 2347 610 ).
2363 546 2423 597 G.
2436 546 2565 597 netz

384 620 609 670 ber-tiana
638 634 745 669 var.
773 618 1037 684 parviflora
1058 617 1246 667 Lindm
1364 653 1376 666 .
1397 632 1504 681 reg.
1528 624 1566 665 t.
1596 617 1743 664 1576.
1787 615 1973 666 Frutex
2004 616 2239 675 humilis,
2274 615 2460 664 cortice
2479 629 2563 664 ra-

384 702 579 737 morum
613 687 728 735 laxo
763 686 940 736 nitido.
975 685 1120 735 Remi
1154 683 1359 734 floriferi
1383 682 1715 748 ·-;--1-pedales‚
1760 684 1867 732 basi
1902 683 2065 733 foliati
2094 696 2305 747 superne
2338 681 2563 730 subnudi

385 751 717 804 viscosissimi.
768 753 972 818 Calyces
1007 750 1250 801 fructiferi
1285 751 1552 815 insigniter
1583 749 1762 800 striati.
1806 749 2005 801 Corolia
2039 761 2188 814 quam
2234 748 2289 797 in
2328 747 2565 798 affinibus

385 822 568 870 minor.
594 823 669 884 (v.
702 820 777 884 s.)

319 904 403 953 88.
441 903 496 954 C.
530 901 1131 965 mrnomoua(Murr.
1157 901 1211 949 in
1233 899 1384 950 Linn.
1418 904 1542 964 syst.
1568 914 1680 965 veg.
1706 897 1786 948 ed.
1814 900 1895 948 13.
1919 914 1969 963 p.
1994 901 2055 949 61
2074 913 2136 948 ex
2152 898 2255 948 Sm.
2278 913 2380 947 non
2406 897 2557 947 Linn.

385 969 457 1018 ffl.
470 970 507 1031 ),
548 970 799 1029 fruticosa,
829 969 1007 1033 glabra
1033 968 1110 1017 vel
1136 968 1420 1032 pubescens,
1445 968 1652 1026 viscosa,
1675 965 1809 1015 foliis
1826 967 1983 1015 ovatis
2012 965 2241 1029 oblongis
2264 966 2560 1014 sublanceo-

386 1037 559 1086 latisve
580 1035 927 1086 obtusiusculis
936 1035 1146 1085 crenatis
1160 1034 1355 1099 rugosis
1368 1034 1477 1082 basi
1499 1034 1551 1081 in
1574 1033 1810 1097 petiolum
1823 1034 2018 1081 brevem
2032 1032 2315 1097 angustatis
2329 1032 2564 1096 utrinque

386 1103 624 1151 viridibus
649 1103 728 1152 vel
747 1101 832 1151 vix
857 1103 1028 1151 subtus
1060 1101 1430 1151 canescentibus
1458 1100 1696 1164 supremis
1721 1100 1987 1159 senilibus,
2002 1099 2235 1165 panicula
2264 1099 2563 1162 corymbos&

385 1169 681 1230 floribunda,
717 1169 900 1233 oalycis
932 1169 1127 1218 laciniis
1154 1168 1340 1217 obtusis
1363 1167 1585 1226 viscosis,
1626 1166 1824 1216 corollae
1855 1166 2004 1215 labiis
2041 1165 2441 1224 conniventibus,
2473 1181 2560 1214 su-

385 1237 573 1301 periore
591 1237 808 1299 oalyoem
832 1235 1078 1300 subduplo
1094 1241 1351 1299 superante
1371 1233 1604 1283 inferiore
1624 1233 1782 1296 paulo
1800 1233 2026 1298 longiore
2050 1232 2329 1282 orbiculato
2346 1233 2458 1281 basi
2477 1233 2563 1282 vix

385 1309 656 1353 contracto.
691 1304 726 1369 5
757 1304 810 1351 in
832 1302 965 1351 Chili
997 1301 1224 1365 stequens
1247 1300 1509 1362 (Berterol
1536 1317 1587 1349 n.
1620 1301 1711 1350 131
1737 1334 1750 1360 ,
1778 1301 1873 1349 138
1897 1306 1947 1349 et
1967 1302 2087 1348 873.
2105 1299 2345 1363 Bridges!
2371 1316 2428 1347 n.
2461 1301 2559 1358 94,

385 1372 502 1418 591.
532 1369 794 1419 Mathewsl
826 1385 880 1418 n.
907 1372 1024 1417 202.
1055 1368 1294 1433 Cumingi
1320 1384 1372 1417 n.
1407 1369 1524 1427 527,
1552 1369 1668 1425 537,
1694 1368 1817 1427 798,
1843 1373 1893 1415 et
1915 1367 2004 1416 alii
2022 1367 2126 1415 bot.
2152 1367 2192 1429 ).
2216 1391 2286 1403 —-
2306 1367 2425 1415 Bot.
2453 1381 2560 1430 reg.

388 1443 429 1485 t.
452 1436 752 1495 744,-1083.
792 1434 848 1485 C.
876 1436 1159 1500 ferruginea
1189 1435 1330 1485 Colla
1370 1447 1530 1483 mem:
1561 1433 1700 1483 acad.
1725 1434 1878 1496 paris.
1915 1436 1981 1483 38
2011 1449 2061 1498 p.
2109 1434 2225 1481 137.
2277 1438 2319 1480 t.
2370 1434 2457 1482 46.
2500 1433 2557 1484 0.

386 1517 573 1568 rugosa
594 1502 870 1552 Lodd.bot.
906 1503 1015 1551 cab.
1041 1509 1078 1551 t.
1109 1503 1225 1550 942.
1258 1502 1370 1551 Bot.
1415 1516 1549 1565 mag.
1586 1507 1625 1549 t.
1650 1498 1822 1549 2523?
1856 1500 1912 1549 C.
1939 1499 2230 1550 salviaefolia
2268 1500 2411 1549 Pers.
2449 1513 2558 1562 syn.

388 1571 436 1618 l.
482 1585 532 1633 p.
572 1571 656 1618 17.
709 1569 766 1619 G.
805 1569 1006 1619 robusta
1044 1568 1159 1617 Alb.
1209 1568 1367 1617 Dietr.
1397 1569 1453 1617 in
1488 1568 1609 1631 allg-
1642 1572 1862 1630 gartenz.
1891 1567 1940 1615 1.
1977 1583 2026 1630 p.
2064 1563 2164 1615 73?
2201 1565 2398 1630 Species
2432 1567 2561 1616 inter

385 1635 555 1686 affines
583 1636 782 1687 corollae
805 1636 965 1685 forma
982 1635 1228 1684 distincta.
1258 1634 1436 1683 Variat
1459 1633 1592 1683 foliis
1619 1634 1703 1682 vix
1722 1638 1752 1681 3
1769 1635 1861 1682 lin.
1888 1634 1964 1684 vel
1990 1633 2091 1682 fere
2130 1633 2364 1695 pollicem
2404 1634 2524 1682 latis
2542 1670 2557 1694 ‚

384 1703 580 1752 brevius
612 1704 870 1767 longiusve
892 1702 1155 1767 petiolatis.
1182 1702 1403 1751 Stamina
1424 1716 1575 1765 quam
1596 1700 1794 1749 corollae
1816 1701 2005 1749 labium
2026 1699 2251 1762 superius
2278 1700 2432 1763 paulo
2450 1701 2559 1749 bre-

386 1769 541 1820 viora.
601 1770 657 1820 C.
707 1784 892 1833 rugosa
921 1770 1044 1818 Ruiz
1073 1775 1123 1817 et
1153 1769 1275 1817 Pav.
1302 1767 1354 1816 fl.
1391 1784 1498 1831 per.
1527 1775 1576 1817 et
1606 1766 1725 1815 chil.
1761 1768 1809 1815 1.
1834 1782 1886 1830 p.
1916 1769 1998 1815 19.
2032 1773 2072 1815 t.
2110 1767 2197 1814 28.
2237 1765 2275 1814 f.
2315 1769 2348 1814 6
2388 1781 2453 1815 ex
2480 1782 2560 1830 sy-

385 1851 503 1884 non.
539 1836 691 1886 anate
712 1842 759 1885 et
776 1837 1037 1900 specimine
1054 1834 1373 1898 Dombeyano
1402 1834 1556 1898 hujus
1585 1833 1682 1884 loci
1712 1840 1812 1894 est,
1849 1832 1932 1882 sed
1968 1832 2155 1895 corolla
2175 1833 2227 1880 in
2251 1833 2398 1881 icone
2420 1833 2561 1882 valde

387 1900 579 1951 diversa
608 1901 797 1964 depicta
834 1909 924 1952 est.
959 1902 1145 1952 Caetera
1166 1903 1334 1952 omnia
1370 1901 1688 1951 conveniunt.
1733 1928 1800 1937 —
1833 1900 2085 1964 Specimen
2109 1913 2140 1946 a
2172 1899 2444 1963 Cumingio
2470 1901 2558 1948 sub

385 1982 440 2015 n.
466 1972 562 2017 533
586 1983 835 2017 commun.
863 1969 960 2017 fere
981 1968 1198 2017 medium
1220 1975 1294 2017 est
1322 1967 1452 2018 inter
1476 1967 1532 2017 C.
1556 1966 1913 2031 integrifoliam
1936 1973 1983 2016 et
2015 1966 2072 2016 C.
2100 1964 2459 2029 thyrsifloram‚
2480 1966 2559 2015 sed

387 2034 529 2083 flores
565 2035 703 2098 parvi
743 2035 794 2083 in
836 2033 1181 2098 speciminibus
1204 2049 1373 2084 omnes
1411 2034 1678 2098 imperfecti
1711 2040 1843 2083 sunt.
1889 2034 1972 2083 An
1996 2031 2212 2097 hybrida
2247 2031 2559 2096 spontanea?

389 2102 470 2163 (v.
497 2117 536 2150 s.
556 2101 575 2165 )

319 2185 402 2230 89.
442 2183 502 2232 C.
537 2195 921 2232 viscosrssmn
943 2183 1146 2244 (Lindl.!
1191 2185 1291 2233 bot.
1332 2195 1437 2248 reg.
1464 2190 1502 2233 t.
1535 2184 1703 2247 1611),
1724 2182 2050 2242 suffitiones,
2085 2181 2439 2243 viscosissima,
2468 2198 2558 2248 pu·

386 2250 601 2310 bescens,
631 2249 763 2300 foliis
782 2250 1126 2300 subsessilibus
1155 2251 1309 2300 ovafis
1339 2251 1626 2316 oblongisve
1646 2250 1978 2316 mg'osissimis
1995 2249 2104 2299 basi
2136 2251 2420 2314 angustatis
2442 2252 2560 2302 etin

386 2318 527 2366 caule
567 2317 1032 2377 dilatato-connatis,
1064 2318 1297 2381 panicula
1335 2319 1628 2382 corymbos&
1664 2318 1960 2377 floribunda,
1997 2317 2166 2380 calyce
2197 2317 2555 2378 obtusiusculo,

385 2385 583 2434 corollae
604 2384 750 2433 labiis
776 2385 1149 2434 conniventibus
1163 2420 1176 2445 ,
1220 2385 1469 2449 superiore
1502 2386 1720 2449 calycem
1748 2384 1992 2448 subduplo
2015 2389 2273 2446 superante
2291 2418 2306 2442 ‚
2332 2385 2558 2434 inferiore

385 2452 534 2515 paulo
559 2452 782 2515 longiore
809 2452 1080 2501 orbiculato
1109 2451 1217 2501 basi
1242 2452 1330 2501 vix
1361 2458 1632 2501 contracto.
1676 2456 1709 2512 ᾖ
1762 2453 1817 2501 in
1840 2451 1973 2502 Chili
1999 2466 2074 2514 pr.
2102 2450 2401 2514 Valparaiso
2426 2452 2554 2514 (Cu-

383 2518 638 2648 mi-
671 2518 1474 2650 .⁵2;2>1:.0<1.3.0<>
1492 2517 2370 2637 ..mmmm
2390 2519 2559 2648 {2053

321 2678 368 2760 S
388 2683 480 2740 11.
508 2679 887 2761 Sessilisolia’.
901 2679 1322 2761 —Suffrutices
1332 2680 1657 2762 fruticesve.
1680 2682 1853 2744 Folia
1880 2680 2130 2755 sessilia,
2149 2680 2283 2743 basi
2296 2681 2557 2742 cordato-

402 2759 879 2851 amplexicaulia,
916 2762 1238 2824 lanceolata
1280 2761 1374 2823 vel
1404 2761 1965 2835 ovato-lanceolata,
2011 2761 2267 2824 dentata.
2325 2763 2557 2844 Species

397 2861 568 2922 prum·
601 2840 917 2915 Chilensis,
943 2843 1296 2922 posteriores
1327 2842 1787 2904 Ecuadoremes.

321 2955 404 3001 90.
442 2954 499 3003 C.
534 2967 765 3005 snssrms
807 2956 962 3021 (Ruiz
984 2963 1031 3006 et
1048 2957 1169 3005 Pav.
1202 2956 1253 3005 fl.
1280 2971 1381 3021 per.
1419 2962 1467 3006 et
1503 2957 1622 3006 chil.
1656 2959 1703 3007 1.
1731 2973 1784 3022 p.
1813 2958 1932 3021 18),
1959 2957 2210 3015 fruticosa,
2242 2956 2454 3016 viscosa,
2480 2971 2554 3006 rs·
2592 2962 2601 2977 ‘

385 3021 481 3069 mis
513 3022 624 3086 plus
658 3024 823 3072 minus
861 3024 974 3072 laxe
1006 3024 1202 3083 lanatis,
1243 3023 1377 3072 foliis
1407 3023 1930 3088 oblongo-lanceolatis
1968 3024 2320 3074 obtusiusculis
2353 3026 2557 3073 crenatis

385 3091 577 3152 rugosis
604 3105 754 3153 supra
775 3090 1017 3139 viridibus
1049 3091 1223 3139 subtus
1246 3091 1631 3149 canescentibus,
1658 3091 1889 3156 panicula
1919 3091 2135 3156 oblonga
2166 3090 2243 3139 vel
2269 3091 2553 3155 subeor-ym-

385 3156 522 3217 bosss,
545 3158 714 3221 calyce
731 3158 905 3207 obtuso
929 3157 1136 3217 viscoso,
1166 3158 1364 3207 corollas
1385 3158 1533 3206 labiis
1561 3158 1939 3208 conniventibus
1960 3158 2205 3222 superiore
2226 3158 2452 3220 calycem
2475 3157 2555 3206 du-

383 3224 465 3286 plo
483 3231 756 3287 superante,
785 3224 1017 3273 inferiore
1041 3225 1267 3289 longiore
1285 3224 1559 3275 orbiculato
1580 3226 1687 3274 basi
1709 3225 1795 3274 vix
1817 3231 2086 3274 contracto.
2123 3227 2159 3291 5
2184 3224 2239 3273 in
2261 3223 2399 3273 Ghili
2420 3224 2551 3286 (Ma-

384 3287 577 3338 thews?
605 3306 659 3339 n.
691 3294 808 3350 207,
835 3291 1069 3355 Bridges!
1109 3307 1163 3339 ιι.
1210 3295 1292 3352 93,
1330 3292 1564 3341 Berterol
1592 3308 1647 3341 n.
1690 3294 1786 3340 877
1828 3284 1896 3342 et'
1914 3294 2032 3352 878,
2051 3290 2284 3354 Poeppig!
2317 3294 2470 3353 etc.).
2495 3317 2556 3328 —-

383 3354 496 3402 Bot.
537 3371 642 3419 reg.
691 3373 742 3405 n.
769 3360 917 3405 1629.
953 3358 1048 3408 Sw.
1093 3358 1210 3407 brit.
1238 3358 1290 3407 fl.
1326 3359 1469 3422 gard.
1515 3373 1609 3407 ser.
1658 3362 1709 3407 2.
1739 3367 1779 3407 t.
1817 3362 1936 3408 220.
1966 3358 2024 3409 0.
2063 3356 2330 3407 salicisolia
2380 3355 2557 3407 Colla?

384 3419 536 3468 Mem.
589 3423 728 3472 acad.
771 3426 919 3473 torin-
960 3430 1042 3475 39.
1084 3441 1134 3488 p.
1173 3425 1295 3483 139,
1339 3440 1440 3473 non
1475 3425 1602 3473 Ruiz
1642 3432 1692 3475 et
1720 3426 1839 3474 Pav,
1873 3426 1929 3475 C.
1956 3424 2335 3487 MorisiiWalp.
2366 3440 2470 3487 rep.
2508 3428 2553 3472 3.

384 3501 434 3548 p.
465 3488 559 3535 157
585 3487 683 3537 huc
701 3492 945 3552 pertinere
965 3493 1178 3542 videtur.
1204 3492 1372 3541 Floree
1393 3493 1449 3541 C.
1479 3492 1795 3556 integrifoliae
1817 3495 2027 3555 quflcum
2047 3505 2174 3555 saepe
2210 3490 2425 3539 confusa
2453 3499 2523 3539 est
2542 3525 2555 3547 ,

387 3551 472 3666 {id
492 3553 807 3685 ’foliistgtiazn
829 3558 1153 3684 ἰιιΐοῖἰοτίδιιε
1184 3559 1855 3623 cordato-amplexicaulibus
1879 3564 1929 3610 et
1949 3560 2069 3608 lana
2085 3559 2398 3608 ramulorum
2419 3556 2557 3607 facile

443 3628 632 3683 stingui
692 3636 734 3668 r.
803 3639 853 3670 v.
881 3638 924 3672 s.

319 3701 401 3749 91.
434 3701 490 3751 0.
528 3715 926 3755 ΡιεΑοοκκιωιε
968 3708 1178 3771 (Meyen
1203 3710 1344 3759 Reise
1378 3710 1427 3759 1.
1454 3726 1503 3774 p.
1541 3711 1642 3758 469
1669 3725 1731 3758 ex
1751 3710 1914 3773 Walp.
1941 3724 2043 3774 rep.
2071 3713 2120 3758 3.
2149 3725 2199 3773 p.
2228 3708 2395 3770 162),
2421 3707 2557 3757 caule

388 3776 550 3818 erecto
574 3785 773 3821 ramoso
797 3772 1035 3824 fruticoso
1052 3774 1224 3835 ,soliis
1247 3777 1595 3826 subsessilibus
1618 3776 1830 3826 cordatis
1853 3777 2148 3827 acuminatis
2170 3790 2342 3840 grosse
2368 3782 2417 3824 et
2437 3777 2552 3824 irre-

384 3837 625 3898 gulariter
645 3842 1058 3892 arcuato-serratis
1088 3843 1313 3907 margine
1335 3845 1572 3893 revolutis
1592 3843 1739 3907 penni
1763 3844 1993 3893 nervibus
2022 3857 2162 3892 secus
2200 3856 2381 3891 nervos
2407 3843 2544 3907 glan-

387 3901 573 3953 dulosis
611 3920 760 3969 supra
796 3908 1160 3965 scrobiculatis‚
1197 3910 1447 3973 corymbis
1483 3909 1777 3961 dichotomis
1817 3909 2196 3959 subumbellatis
2232 3908 2517 3958 multifloris
2534 3944 2547 3967 ,

386 3971 584 4019 corollae
624 3972 756 4021 labio
799 3974 1031 4025 inferiore
1068 3977 1289 4024 maximo
1331 3977 1617 4026 orbiculari.
1653 3977 1698 4038 ,1)
1732 3977 1786 4025 in
1819 3977 2029 4026 Peruvia
2055 3976 2119 4025 ad
2155 3975 2423 4039 Arequipa.
2468 3975 2553 4024 Fo-

386 4035 458 4084 lia
487 4038 549 4085 16
579 4039 670 4088 lin.
696 4040 847 4106 longa
872 4044 901 4089 8
923 4042 1015 4090 lin.
1041 4043 1144 4091 lata
1163 4042 1355 4106 petiolis
1379 4046 1466 4091 vix
1494 4044 1680 4093 lineam
1701 4045 1884 4109 longis.
1905 4045 2073 4094 Flores
2084 4045 2297 4093 brunnei
2315 4041 2552 4091 diametro

386 4103 581 4153 7-8-lin.
608 4105 768 4156 Valde
790 4108 951 4157 affinis
974 4109 1154 4157 dicitur
1175 4104 1229 4157 C.
1257 4106 1505 4159 Chiloensi
1530 4113 1546 4175 (
1571 4110 1627 4161 C.
1654 4111 1863 4161 dentatas
1885 4112 1923 4175 ).

325 4189 414 4239 92..
439 4189 499 4238 C.
538 4203 988 4242 mrnnxicsums
1006 4193 1212 4256 (Humb.
1233 4192 1294 4241 B.
1312 4199 1362 4243 et
1381 4194 1555 4245 Kunth
1579 4210 1695 4247 nov.
1724 4211 1838 4260 gen.
1862 4201 1915 4245 et
1936 4210 2009 4260 sp.
2033 4199 2084 4245 2.
2111 4210 2163 4260 p.
2180 4194 2350 4255 384),
2379 4191 2562 4243 suffra·
