2808 4538
604 263 1491 367 SCROPHULARIACEAE
1537 270 1787 358 (Λυσι-οι
1810 281 2047 332 BENTH.
2072 274 2113 361 ).
2339 272 2477 338 249

248 380 420 460 pestri
437 382 465 440 ‘l
533 377 908 441 indehiscens.
933 379 1163 440 Semina
1182 396 1507 453 numerosa,
1531 385 1763 445 ovoidea
1792 385 1877 448 vel
1904 402 2244 464 compressa,
2276 383 2467 446 foveo·-

246 462 352 521 lata
408 479 478 521 ve
556 459 849 520 reticulata
866 503 881 529 ‚
927 459 1217 520 interdum
1267 461 1878 527 membranaceo-alata.
1924 465 2175 544 Embryo
2228 477 2420 525 rectus
2446 511 2462 537 ,

244 541 498 603 radicula
525 540 598 602 ad
622 539 806 602 hilum
827 551 1128 616 spectante.
1155 574 1233 585 —-
1251 543 1458 603 Herbae
1483 562 1687 606 annuae
1719 547 1805 607 vel
1848 564 2123 623 perennes
2135 577 2159 617 ‚·
2184 546 2466 606 rarissime

244 623 482 684 frutices
503 667 519 693 ,
560 622 618 680 in
649 617 907 683 Amerina
932 620 1158 681 australi
1185 620 1273 680 vel
1301 622 1487 684 Africa
1515 627 1740 688 australi
1764 628 2030 704 vigentes.
2076 625 2228 687 Folia
2245 626 2464 687 caulina

244 703 518 782 pleraque
544 702 630 763 vel
656 701 843 762 omnia
862 701 1112 779 opposita
1128 747 1142 770 ,
1176 703 1383 762 floralia
1413 705 1623 767 alterna
1652 710 1943 785 superiora
1967 708 2053 769 vel
2077 708 2263 768 omnia
2289 706 2461 768 brac-

245 782 575 845 teaeformia.
613 779 929 844 Pedunculi
959 783 1182 842 unissori
1219 782 1484 857 solitarii,
1527 787 1918 861 ebracteolati,
1949 789 2023 851 ad
2049 789 2235 867 apices
2276 804 2467 848 ramo-

246 882 380 926 rum
409 862 685 925 racemosi
714 862 799 925 vel
828 864 1014 925 rarius
1033 863 1094 923 in
1127 862 1306 924 axillis
1339 864 1607 927 foliorum
1634 868 1904 945 dispositi.

948 1010 1374 1062 CONSPECTUS
1410 1013 1748 1065 GENERUH.

326 1139 452 1218 XV.
504 1137 777 1201 Alonsoa.
816 1172 896 1184 —
924 1137 1143 1201 Corolla
1170 1140 1490 1217 resupinata
1509 1186 1526 1213 ‚
1547 1153 1724 1203 rotata
1753 1187 1769 1212 ‚
1802 1143 1892 1202 vix
1920 1143 2007 1203 vel
2035 1160 2148 1203 non
2173 1142 2455 1204 fossulata.

247 1217 502 1279 Stamina
521 1222 591 1290 h,
623 1219 810 1297 quoad
838 1218 1108 1280 corollam
1138 1218 1434 1283 declinata.
1465 1254 1548 1268 -—-
1566 1223 1823 1284 America
1854 1224 2128 1286 australis.

328 1316 483 1374 XVI.
531 1311 919 1374 Scluktantlte.
946 1346 1030 1359 ·-—
1049 1314 1393 1376 omniafere
1414 1318 1690 1389 Alonsoae,
1715 1316 1816 1379 sed
1838 1316 2043 1379 corolla
2065 1316 2383 1381 bifossulata
2414 1329 2473 1380 et

245 1393 408 1455 locus
430 1394 625 1457 natalis
652 1394 842 1456 Africa
864 1394 1138 1460 ausu-alie.

328 1492 514 1551 xvn.
561 1489 898 1571 Anqeeoma.
945 1523 1017 1536 —
1039 1491 1276 1552 Corollae
1316 1489 1528 1553 limbus
1556 1491 2098 1570 explanato-rotatus
2120 1538 2136 1562 ,
2167 1493 2300 1554 faux
2334 1493 2457 1573 (vel

248 1569 464 1648 tubus)
505 1571 689 1632 antice
712 1572 774 1631 in
819 1583 1072 1632 ventrem
1130 1572 1305 1632 latum
1358 1590 1461 1631 seu
1513 1590 1743 1633 saccum
1785 1572 2063 1651 ampliata.
2108 1576 2359 1635 Stamina
2416 1571 2461 1637 'lt

247 1651 664 1791 it'rdalsqendemia‘
701 1651 937 1730 capsula
976 1651 1202 1730 globosa
1216 1698 1234 1725 ‚
1266 1653 1568 1714 loculicide
1594 1651 1905 1716 dehiscens.
1940 1687 2020 1700 —
2037 1654 2294 1716 America
2323 1672 2458 1715 aus-

358 1749 421 1792 ns.

325 1831 543 1890 XVIII.
571 1827 940 1890 Hominum-is.
959 1862 1039 1874 —-
1057 1829 1277 1892 Corolla
1306 1830 1617 1908 explanata,
1649 1829 1851 1893 la-loba
1869 1876 1887 1903 ‚
1911 1831 2093 1892 antice
2122 1829 2459 1892 bisossulata.

249 1910 502 1970 Stamina
526 1913 580 1972 2.
620 1910 855 1988 capsula
888 1909 1113 1986 globosa
1137 1955 1153 1981 ‚
1185 1911 1459 1990 septicide
1484 1911 1834 1990 bipartibilis.
1862 1945 1942 1958 —
1971 1912 2159 1974 Africa
2188 1911 2461 1974 australis

325 2010 490 2069 xlx.
515 2006 773 2070 Dahscia.
805 2007 1108 2069 —Corolla
1136 2008 1424 2085 explanata
1445 2008 1534 2071 vel
1561 2026 1824 2080 concava,
1849 2010 2033 2071 amice
2053 2010 2273 2072 fossulis
2299 2010 2476 2070 saccis

249 2089 336 2149 vel
362 2089 675 2149 calcaribus
711 2091 748 2149 2
778 2100 955 2149 aucta.
993 2089 1244 2150 Stamina
1266 2093 1303 2152 [ι
1328 2134 1344 2161 ,
1378 2091 1698 2152 anticorum
1739 2089 2022 2152 filamento
2058 2091 2176 2152 basi
2215 2092 2471 2151 circum-

249 2171 391 2230 flexa
410 2215 426 2239 ,
458 2171 648 2230 omnia
676 2168 1013 2230 antherifera
1043 2168 1127 2229 vel
1152 2170 1336 2231 antica
1377 2172 1562 2231 rarius
1605 2169 1928 2233 auanthera.
1966 2172 2205 2250 Capsula
2243 2171 2471 2249 globosa

245 2249 336 2312 rel
361 2249 614 2327 elongata
636 2297 654 2324 ,
677 2248 950 2329 septicide
968 2248 1280 2313 dehiscens.
1317 2284 1397 2298 —-·
1426 2252 1614 2314 Africa
1648 2251 1921 2315 australis.

331 2351 467 2409 XX.
497 2348 752 2431 Colpias.
777 2348 1092 2410 -corollae
1103 2347 1276 2410 tubus
1294 2349 1516 2427 amplus
1536 2395 1552 2421 ,
1572 2350 1686 2411 basi
1707 2349 2042 2427 subdidyme
2054 2361 2323 2411 saccatus.
2344 2354 2468 2411 Sta·

243 2430 408 2490 mina
436 2433 473 2492 ίι
500 2475 514 2500 ,
544 2429 844 2507 didynama
869 2475 884 2500 ‚
917 2429 1209 2491 declinata.
1241 2430 1478 2509 capsula
1506 2431 1735 2494 ovoidea
1758 2476 1775 2503 ‚
1806 2432 2121 2493 acuminata
2152 2476 2167 2503 ,
2199 2430 2471 2509 septicide

241 2508 562 2572 dehiscens.
592 2543 672 2554 —
689 2510 877 2572 Africa
910 2510 1181 2571 australis,

326 2609 492 2668 XXI.
542 2604 833 2670 Nemesin.
872 2639 951 2650 —
984 2606 1203 2668 Corolia
1231 2617 1523 2684 personata
1547 2650 1563 2677 ,
1611 2606 1797 2669 antice
1822 2606 1882 2666 in
1909 2622 2138 2668 saccum
2161 2605 2246 2667 vel
2286 2606 2467 2667 calcar

243 2687 485 2747 unicum
532 2685 821 2764 producta.
876 2687 1125 2749 Stamina
1191 2687 1443 2749 Diasciae.
1503 2686 1741 2764 Capsula
1802 2704 2119 2764 compressa
2140 2732 2156 2758 ,
2198 2688 2469 2764 septicide

240 2760 544 2828 dehisce'ns
575 2814 590 2839 ,
625 2766 860 2828 valvulis
885 2767 1314 2828 navicularibus.
1341 2801 1424 2813 -
1452 2768 1641 2829 Africa
1668 2767 1941 2828 australis,
2092 2762 2109 2771 “

323 2867 519 2926 XXII.
546 2861 753 2925 Dictis.
779 2897 861 2909 -
882 2863 1100 2926 Cot-olla
1123 2865 1398 2925 Nemesiae
1417 2862 1503 2924 vel
1531 2863 1786 2925 Linariae.
1829 2861 2064 2939 Capsula
2090 2860 2426 2940 subglobosa
2449 2906 2466 2937 ,

239 2944 542 3007 loculicide
567 2945 815 3007 bivalvis.
841 2976 922 2991 —·
948 2944 1135 3008 Africa
1157 2944 1415 3006 australis
1444 2955 1501 3005 et
1532 2944 1910 3021 Madagascar.

241 3092 357 3142 XV.
395 3092 706 3143 ALONSOA
733 3096 846 3143 Rm‘z
885 3103 927 3144 ee
968 3097 1080 3142 Pae.
1121 3104 1235 3156 εμπ.
1263 3110 1358 3155 ως.
1384 3096 1434 3156 11.
1467 3110 1563 3154 per.
1596 3109 1647 3154 p.
1682 3092 1799 3142 151.
1833 3092 1974 3139 Euat.
2014 3105 2119 3149 qen.
2150 3105 2198 3149 ρ.
2246 3091 2362 3139 671.
2408 3118 2475 3128 -

307 3159 608 3210 Hemimeris
648 3162 813 3209 Humb.
842 3163 897 3209 B.
931 3170 974 3210 ee
1011 3165 1171 3210 Kumh
1208 3177 1317 3210 που.
1348 3177 1436 3222 qen
1472 3169 1513 3210 ee
1539 3176 1611 3221 sp.
1637 3164 1688 3209 2.
1734 3176 1785 3221 p.
1824 3160 1940 3208 376.
1969 3184 2036 3195 --
2056 3156 2403 3207 Hemimeridis
2425 3164 2474 3208 et

310 3227 486 3278 Celsiae
512 3242 587 3292 sp.
625 3228 933 3278 Americanae
960 3239 1088 3278 auce.

314 3361 484 3435 Calyx
531 3363 839 3444 5-partitns.
868 3363 1073 3421 Cot-olla
1110 3363 1345 3421 torsione
1387 3362 1639 3446 pedicelli
1669 3377 1803 3444 ‘resu
2004 3432 2014 3444 ·
2114 3433 2124 3442 .
2262 3432 2272 3442 ·
2403 3433 2413 3442 ·

242 3438 386 3503 tata,
432 3433 648 3501 5-loha,
681 3433 889 3491 laciniis
922 3434 1048 3492 latis
1073 3435 1450 3504 obtusissimis,
1482 3438 1516 3491 2
1545 3434 1763 3507 posticis
1807 3378 1841 3505 F
1840 3439 2232 3505 resupinatione
2260 3431 2474 3488 inferio·

239 3505 427 3578 ribus)
473 3505 810 3562 brevissimis
850 3507 1111 3578 profunde
1159 3507 1463 3580 (interdum
1516 3522 1691 3579 usque
1730 3505 1799 3561 ad
1844 3505 2189 3561 insertionem
2230 3503 2470 3576 corollae)

237 3576 457 3645 solutIS,
500 3577 680 3633 antica
707 3577 973 3646 maxima,
1015 3578 1171 3635 fauce
1207 3579 1297 3634 vix
1323 3578 1594 3647 eonoevA,
1638 3577 1812 3633 rarius
1854 3576 2080 3633 obscure
2120 3574 2462 3631 bilossulata.

237 3649 484 3705 Stamina
526 3650 580 3703 4.
619 3648 919 3705 Filumenta
956 3650 1162 3719 brevia,
1202 3650 1319 3706 basi
1350 3649 1559 3723 (quoad
1595 3648 1877 3721 corollam)
1906 3647 2193 3704 declinata.
2222 3647 2475 3703 Antherae

239 3719 492 3792 oblongae
519 3762 532 3788 ,
567 3719 761 3776 loculis
802 3721 961 3777 dorso
1002 3720 1262 3794 appositis
1310 3721 1396 3777 vel
1444 3720 1845 3792 diver-gentibus
1881 3719 2035 3791 apice
2061 3717 2471 3775 confluentibus,

238 3790 425 3864 Stylus
467 3791 623 3863 apice
665 3792 1290 3920 capitato-suffinatosus.
1335 3791 1571 3875 Qapsula
1597 3799 1769 3873 ,ovata
1800 3791 1900 3872 ‘vel
1937 3790 2201 3872 oblonga,
2248 3790 2472 3856 obtusa,

239 3878 575 3934 compressa,
604 3863 1014 3935 septtcldo-biva
1038 3881 1143 3946 ms,-
1160 3863 1394 3921 valvulis
1420 3862 1931 3945 integrisbifidtsve.
1958 3864 2173 3944 Semina
2201 3867 2479 3942 punetato·

239 3934 773 4088 mmgoeitsi'gssiss?
783 3934 1812 4079 ,gafflffggssffiiff“eggggffifffig
1829 3932 2478 4088 a‘ffiffssizffiztgzlffi

240 4077 417 4149 posita
439 4077 530 4133 vel
560 4084 813 4134 ternatim
834 4078 1150 4135 verticillata
1170 4122 1184 4149 ,
1204 4078 1409 4135 floralia
1435 4078 1662 4145 alterna,
1691 4092 1969 4149 superiora
1996 4075 2085 4131 vel
2117 4091 2298 4131 omma
2324 4073 2478 4129 brac-

241 4148 562 4207 teael'ormia.
619 4149 836 4207 Racemi
878 4150 1186 4209 terminales
1224 4149 1576 4223 glanduloso-
1597 4146 1864 4223 puberuli.
1922 4146 2172 4204 Pedicelli
2219 4143 2474 4217 sonuisti,

1845 3361 1994 3418 inata
2011 3403 2024 3427 ‚
2071 3357 2470 3432 explanato-ro·
2565 3396 2573 3403 -
