2808 4538
230 276 557 320 mrssrxs.
659 250 1550 327 SCROPH'ULARIACEAE
1596 261 1612 349 (
1645 283 1862 325 Aneros
1889 274 2128 329 BENTH.
2153 262 2195 354 J.
2289 284 2294 289 “
2333 268 2469 336 393

230 402 305 418 --
324 370 516 429 Genus
537 385 573 427 a
596 371 812 445 Bscops
838 374 1129 431 staminum
1157 390 1409 446 numero,
1459 391 1492 433 s
1517 373 1612 432 reli
1657 375 1737 432 uis
1761 376 2127 448 Herpestideis
2168 380 2383 454 calyce,
2434 397 2469 439 ι

229 441 506 525 Stemodia
528 449 585 498 et
611 443 896 527 Beyrichis
911 444 1235 502 staminibus
1252 446 1586 526 distinctum.
1603 391 1878 504 &cunnos
1894 447 2047 505 facile
2061 466 2161 522 pro
2179 453 2470 523 generibus

230 515 502 572 distinctis
530 513 793 584 haberes,
828 532 917 570 vix
961 521 1141 572 tamen
1184 532 1368 573 omma
1410 524 1499 575 sat
1538 519 1831 589 naturalia,
1879 524 1937 573 et
1970 535 2076 576 non
2102 523 2278 593 magis
2302 538 2468 596 quam

230 584 500 644 sectiones
524 585 805 644 Veronicae
832 588 973 643 inter
998 603 1060 644 se
1087 587 1361 644 differunt.

229 690 413 749 sectio
441 704 484 747 ι.
510 691 887 749 linostimum.
912 721 983 734 —
1007 692 1354 766 Herpestidis
1375 700 1517 751 sect.
1554 694 1838 752 Matouree
1874 693 2080 751 Benth.
2128 713 2191 754 co
2290 741 2304 755 .
2349 699 2466 757 bot.

327 778 478 840 may.
509 765 564 820 2.
590 779 653 836 p.
684 763 754 817 56
778 763 932 821 ccccl.
957 778 1081 837 syn.
1111 764 1364 821 Aabl.—
1383 764 1736 823 Hecsrdonia
1761 766 1907 823 Bniz
1930 772 1983 822 et
2016 768 2160 824 Pav.
2262 776 2375 827 art.

296 868 494 934 Calycis
522 864 828 934 segmentum
857 869 1102 933 poeticum
1126 876 1344 920 ovatum.
1380 871 1593 921 Corollae
1628 870 1818 920 labium
1851 870 2075 935 superius
2108 870 2359 938 integrum
2387 875 2464 923 vel

230 937 613 1002 emarginatum.
648 936 983 986 Antherarum
1011 937 1166 986 loculi
1193 937 1520 1002 divergentes.
1563 937 1731 1001 Stylus
1753 938 1889 1001 apice
1916 953 2127 987 cernuus
2152 940 2359 990 breviter
2384 938 2464 989 bi-

140 1032 157 1049 .
232 1001 387 1061 fidus,
412 1003 540 1053 lobis
558 1002 769 1053 breviter
786 1003 1024 1052 obovetis.
1048 1004 1273 1068 Capsulae
1293 1004 1507 1054 valvulae
1527 1003 1735 1069 integra
1756 1004 1833 1053 vel
1861 1006 2022 1054 rarius
2046 1005 2234 1067 bifida,
2262 1006 2464 1071 dissepi-

231 1076 395 1117 mento
417 1069 684 1133 parallelis.
700 1095 769 1106 —
786 1069 965 1119 Herbae
998 1070 1306 1120 Americanae
1327 1070 1545 1135 glabra,
1581 1071 1801 1120 siccitate
1831 1070 2097 1135 saepissime
2130 1072 2432 1137 nigricantes
2449 1108 2463 1132 ,

230 1133 422 1186 diffusa
436 1137 795 1201 velprostratae,
821 1136 929 1186 basi
948 1136 1247 1197 radicantes,
1267 1138 1421 1187 ramis
1439 1137 1669 1187 floriferis
1692 1137 1854 1187 rarius
1867 1139 2059 1187 erectis.
2081 1138 2291 1189 Corollae
2304 1139 2462 1189 flavae.

144 1216 152 1224 ‘
235 1216 285 1265 1.
319 1216 387 1266 H.
426 1218 1070 1279 omnmmu(Benth.!
1094 1219 1146 1268 in
1170 1233 1332 1283 comp.
1354 1220 1460 1269 bot.
1484 1234 1620 1284 mag.
1643 1223 1695 1269 2.
1712 1236 1764 1283 p.
1788 1221 1893 1282 56),
1915 1220 2047 1270 foliis
2060 1221 2223 1271 oratis
2242 1222 2466 1271 cordato·

295 1283 740 1348 amplexicaulibus
780 1284 1020 1345 dentatis,
1056 1285 1307 1349 pedicellis
1351 1286 1590 1335 solitariis
1634 1285 1758 1336 folia
1800 1288 2111 1349 aequantibus
2145 1288 2433 1338 ebractestis
2450 1324 2464 1348 ,

297 1351 482 1414 calycis
640 1358 752 1399 ento
783 1351 970 1415 postico
1005 1359 1174 1414 ovato,
1212 1356 1246 1401 2
1276 1353 1455 1401 enticis
1491 1354 1735 1417 oblongis.
1776 1348 1845 1417 ’Π
1869 1353 1924 1403 in
1962 1353 2225 1419 uliginosis
2266 1355 2329 1403 ad
2376 1355 2468 1405 Rio

301 1416 505 1466 Grande
590 1414 769 1466 miliia
813 1417 1151 1468 meridionalis
1196 1419 1478 1481 (Tweedicl
1500 1420 1540 1483 ).
1572 1419 1763 1483 Species
1799 1419 2187 1469 distinctissime.
2239 1421 2469 1471 Siccitate

299 1483 557 1547 nigrescit.
582 1484 726 1532 Rami
748 1485 1061 1534 crassiusculi
1079 1520 1093 1546 ,
1120 1486 1544 1551 alato-tetragoni.
1568 1486 1711 1536 Folia
1741 1484 1931 1549 majora
1966 1485 2238 1550 polliceris.
2266 1486 2469 1553 Calycee
2504 1492 2513 1501 '

297 1549 701 1614 semipollicares.
728 1550 927 1601 Corolla
948 1552 1033 1600 vix
1059 1553 1277 1616 calyoem
1301 1567 1520 1615 aequans.
1549 1553 1618 1617 (v.
1643 1553 1694 1601 in
1719 1552 1856 1601 herb.
1878 1552 2065 1616 Hook.)

231 1634 282 1679 2.
307 1630 373 1680 Η.
398 1644 894 1683 οιυιωιωιιόιωιε
917 1634 1124 1695 (Ηιιιιι1).
1149 1635 1210 1683 Β.
1241 1641 1293 1684 et
1310 1634 1485 1683 Kunth
1508 1649 1623 1684 nov.
1653 1650 1766 1699 gen.
1785 1641 1833 1683 et
1855 1650 1928 1698 sp:
1955 1639 2006 1683 2.
2037 1652 2088 1699 p.
2114 1635 2251 1697 369),
2270 1634 2467 1685 decum-
2569 1638 2574 1643 ’

297 1697 444 1757 bens,
472 1698 606 1748 foliis
626 1699 836 1748 breviter
870 1700 1118 1764 petiolatis
1157 1701 1315 1751 ovatis
1338 1700 1578 1758 dentatis,
1614 1700 1867 1765 pedicellis
1896 1702 2129 1751 solitariis
2165 1701 2286 1752 solio
2318 1702 2470 1765 aequi·

298 1764 468 1829 longis
498 1766 571 1813 vel
613 1766 761 1829 paulo
795 1766 1102 1831 longioribus
1132 1768 1447 1823 ebracteatis‚
1498 1768 1684 1832 calycis
1708 1775 1959 1831 segmento
2000 1768 2186 1832 postico
2225 1776 2367 1818 ovato
2386 1801 2399 1825 .
2435 1772 2470 1817 2

299 1831 475 1879 enticis
497 1833 653 1880 ovatis
675 1832 976 1896 oblongisve.
994 1831 1063 1900 26
1080 1834 1134 1882 in
1170 1834 1397 1883 Ameriae
1425 1833 1659 1883 calidiore
1681 1851 1694 1881 =
1721 1834 1774 1883 in
1810 1834 2031 1898 Mexico(
2051 1834 2303 1884 Berland.!
2336 1837 2430 1884 148
2450 1870 2465 1894 ,

204 1932 235 1947 f
264 1924 273 1927 -
299 1898 398 1944 291
420 1933 435 1955 ,
465 1899 593 1946 1948
614 1932 628 1958 ,
660 1899 910 1963 Hartwegl
950 1917 1005 1951 ιι.
1028 1902 1124 1949 199
1143 1936 1156 1959 ,
1196 1900 1437 1949 Galeotti!
1468 1903 1563 1948 998
1585 1935 1598 1957 ,
1628 1902 1788 1959 1083,
1815 1900 2024 1949 Lindon!
2066 1918 2117 1950 n.
2147 1903 2272 1951 1101
2299 1908 2394 1951 ete.
2415 1901 2465 1964 ),

301 1964 461 2012 Texss
492 1964 862 2027 (Drummondl
887 1983 940 2014 u.
967 1967 1134 2029 282),
1161 1966 1318 2016 Indiae
1340 1966 1656 2015 occidentalis
1678 1967 1854 2015 insulis
1873 1967 2010 2028 (Sw.!
2030 1968 2238 2027 Bert.!)‚
2263 1968 2467 2018 Colum-

301 2030 398 2079 biae
421 2030 719 2095 planitiebus
742 2067 756 2090 ‚
795 2031 1005 2081 Peruvis
1027 2033 1252 2097 (Poepp.!
1304 2034 1386 2081 81.
1416 2033 1684 2083 Mathews!
1715 2049 1769 2081 n.
1803 2034 1999 2094 2091),
2027 2032 2241 2083 Brasiliii
2277 2034 2467 2099 tropica

294 2096 613 2156 (Schombur
648 2097 709 2145 h!
735 2098 970 2147 Martius!
997 2098 1135 2148 herb.
1165 2115 1216 2147 ιι.
1248 2100 1373 2148 1291
1421 2095 1566 2162 et'e.).
1611 2100 1789 2149 Erinus
1818 2100 2140 2163 procumbens
2172 2100 2300 2149 Min.
2344 2101 2464 2151 dict.

300 2161 570 2213 lindsmia
611 2113 868 2213 {ianthera
907 2165 1022 2213 Sw.!
1051 2165 1102 2214 fl.
1131 2165 1235 2214 ind.
1277 2166 1433 2216 occid.
1460 2170 1510 2213 2.
1534 2182 1584 2230 p.
1631 2168 1776 2215 1058.
1814 2166 2163 2230 Microcsrpaes
2192 2166 2471 2217 smericena

302 2228 509 2296 Spreng.
536 2237 658 2294 syst.
688 2232 735 2281 1.
763 2248 812 2296 p.
839 2233 923 2280 42.
950 2231 1197 2297 Herpestis
1218 2233 1477 2282 colubrina
1506 2232 1689 2283 Humb.
1734 2234 1795 2282 B.
1821 2239 1869 2283 et
1893 2233 2066 2283 Kunth
2103 2250 2215 2284 nov.
2264 2249 2379 2299 gen.
2423 2240 2473 2284 et

303 2312 375 2360 sp.
403 2300 453 2344 2.
484 2314 534 2361 p.
562 2299 676 2346 368.
702 2298 767 2348 Η.
794 2299 1094 2363 chrysantha
1118 2299 1312 2349 ChamA
1337 2301 1389 2348 in
1415 2301 1636 2362 Linnaeii,
1655 2304 1706 2348 2.
1736 2316 1784 2364 p.
1812 2302 1928 2348 577.
1946 2301 2011 2349 Η.
2031 2301 2268 2350 Cubensis
2293 2301 2462 2366 Poepp.
2489 2321 2492 2326 ·

303 2362 357 2411 in
381 2363 585 2428 Spreng.
622 2372 744 2428 syst.
768 2368 819 2413 2.
852 2383 899 2429 p.
929 2368 1027 2414 802
1049 2366 1133 2428 (ἰιι
1146 2365 1286 2414 herb.
1313 2366 1564 2416 nonnullis
1585 2367 1795 2431 Cupheae
1811 2368 2016 2430 speciem
2042 2365 2133 2416 sub
2156 2368 2250 2417 hoc
2273 2368 2471 2418 nomine

303 2427 458 2492 vidi).
483 2431 803 2480 Menai-donia
835 2439 979 2482 ovata
1005 2433 1129 2481 Ruiz
1152 2439 1201 2481 et
1222 2432 1339 2482 Pav.
1366 2440 1484 2497 syst.
1518 2432 1570 2480 fl.
1596 2449 1699 2497 per.
1724 2445 1778 2497 ρ.
1805 2433 1937 2481 164?
1980 2434 2147 2483 Herba
2181 2441 2365 2490 tenera,
2395 2450 2471 2483 ra·

300 2510 457 2553 mosa,
489 2497 817 2547 exsiccatione
847 2499 1114 2562 saepissime
1135 2500 1403 2564 nigricans.
1433 2498 1574 2548 Folia
1591 2500 1742 2564 vulgo
1786 2503 1872 2547 6-9
1907 2499 2001 2548 lin.
2036 2501 2119 2550 lon
2206 2536 2218 2559 ‚
2253 2501 2361 2549 basi
2380 2516 2469 2549 cu-

302 2568 445 2612 neata
479 2564 557 2612 vel
579 2563 745 2614 rarius
770 2565 1035 2614 rotundata
1052 2601 1065 2625 ,
1090 2567 1289 2614 variant
1310 2572 1475 2615 tamen
1498 2565 1657 2614 forma
1678 2572 1729 2614 et
1749 2566 2076 2629 longitudine.
2157 2566 2346 2617 edicelli
2393 2583 2470 2617 ra-

301 2628 407 2677 rius
430 2628 549 2679 folio
571 2629 719 2695 duplo
742 2631 1226 2697 longiores.Celyoes
1239 2632 1479 2681 fructiferi
1504 2635 1591 2680 3·5
1615 2632 1705 2681 lin.
1731 2632 1888 2698 longi.
1910 2632 2108 2683 Corona
2131 2633 2300 2697 calyce
2321 2634 2469 2698 paulo

304 2695 519 2759 longior,
543 2697 676 2745 labio
698 2700 947 2761 superiore
970 2700 1294 2763 emarginato.
1319 2700 1401 2761 (v.
1430 2715 1470 2747 s.
1490 2699 1509 2762 )
2322 2714 2332 2721 ·

236 2772 306 2823 ³?
330 2775 396 2824 H.
423 2789 833 2828 csrnsmomss
859 2780 1063 2844 (Humb.
1090 2780 1149 2829 B.
1175 2788 1224 2829 et
1243 2780 1434 2829 Kunthl
1465 2795 1578 2828 nov.
1596 2795 1712 2844 gen.
1737 2785 1786 2829 et
1805 2795 1878 2843 sp.
1904 2783 1954 2827 2.
1973 2795 2024 2844 p.
2042 2780 2178 2844 368),
2202 2781 2341 2829 caulo
2357 2795 2472 2844 pro·

302 2843 562 2893 cumbente
584 2841 804 2909 repente,
836 2846 968 2895 foliis
991 2845 1235 2910 petiolatis
1259 2848 1419 2896 ovatis
1442 2846 1632 2895 obtusis
1654 2846 1760 2895 basi
1781 2847 2002 2895 cuneatis
2035 2846 2467 2904 serrato-ereneus,

303 2908 595 2972 pedunculis
618 2910 792 2961 folium
815 2913 1213 2976 subaequantibus
1230 2948 1243 2973 ,
1281 2913 1465 2976 calycis
1488 2912 1753 2962 ebracteati
1777 2913 2040 2976 segmentis
2063 2913 2290 2977 oblongis
2314 2912 2472 2961 acutis

304 2976 623 3026 subcrenatis.
657 2979 709 3044 25
741 2979 793 3027 in
818 2979 1033 3045 arenosis
1053 2978 1116 3027 ad
1146 2978 1283 3027 flum.
1309 2979 1621 3043 Magdalenae
1645 2978 1859 3041 (Humb.
1886 2986 1935 3027 et
1954 2978 2152 3041 Bonpl.!
2171 2979 2210 3040 ).
2238 2979 2349 3026 Non
2375 2979 2471 3026 nisi

305 3042 493 3106 calycis
515 3041 777 3109 segmentis
811 3046 1179 3110 angustioribus
1207 3045 1401 3095 differre
1435 3046 1628 3094 videtur
1652 3052 1702 3093 et
1734 3043 2070 3094 verisimiliter
2103 3044 2470 3108 (preeuntibus

301 3106 480 3157 cham.
505 3117 554 3158 et
572 3110 814 3161 Schlecht.
837 3112 888 3161 in
907 3112 1111 3162 Linnaea
1130 3116 1160 3160 5
1182 3129 1232 3177 p.
1261 3114 1375 3175 107)
1406 3127 1518 3160 cum
1539 3112 1628 3161 ills
1635 3110 1911 3176 jungenda,
1937 3124 2025 3159 nec
2048 3110 2269 3176 specifice
2283 3110 2476 3160 diversa

305 3174 499 3225 videtur
518 3176 585 3226 Η.
612 3178 962 3228 vandellioides
984 3179 1170 3228 Humb.
1213 3179 1273 3229 B.
1301 3186 1351 3227 et
1370 3177 1545 3227 Kunth
1563 3179 1599 3227 1.
1626 3193 1670 3227 c.
1688 3192 1750 3227 ex
1769 3176 2033 3242 specimine
2039 3177 2238 3241 juniore
2257 3176 2308 3226 in
2330 3177 2470 3226 herb.

304 3239 434 3292 Mus.
461 3257 570 3307 par.
596 3251 788 3294 servato
808 3246 898 3294 etsi
923 3245 1249 3295 exsiccatione
1269 3246 1437 3294 minus
1459 3244 1713 3309 nigrescit.
1741 3246 1827 3308 (v.
1854 3244 1907 3292 in
1930 3243 2070 3293 herb.
2097 3244 2228 3293 Mus.
2250 3249 2383 3308 par.)

237 3324 289 3374 4.
327 3323 395 3372 Η.
444 3338 695 3376 rmum
735 3328 979 3388 (Uliam-l
1034 3328 1088 3377 in
1119 3329 1326 3378 Linnaess
1372 3332 1424 3377 2.
1485 3344 1537 3392 p.
1581 3328 1740 3390 676),
1789 3333 2069 3390 prostrata,
2115 3327 2250 3376 foliis
2310 3326 2475 3393 parvis

162 3401 167 3405 ·
303 3389 517 3442 breviter
556 3394 801 3458 petiolatis
841 3395 1126 3444 lato-ovatis
1160 3395 1371 3444 dentatis
1388 3430 1402 3454 ‚
1441 3394 1734 3460 pedunculis
1775 3394 2008 3443 solitariis
2047 3393 2309 3459 (alternis),
2353 3394 2473 3443 folio

303 3456 490 3519 pluries
545 3460 850 3525 longioribus
884 3462 1198 3521 ebracteatis,
1237 3462 1422 3526 calycis
1473 3460 1740 3526 segmentis
1779 3461 2100 3521 acuminatis,
2147 3460 2344 3524 postico
2374 3463 2474 3511 late

306 3533 452 3574 ovato
474 3527 551 3575 vel
575 3528 888 3577 subcordato.
903 3524 972 3593 25
996 3529 1046 3577 in
1071 3528 1287 3578 Brasilis
1306 3528 1618 3577 meridionali
1643 3528 1868 3591 (Sellowl
1890 3530 1932 3588 )‚
1959 3544 2099 3591 prov.
2122 3528 2215 3577 Rio
2238 3527 2439 3579 Grande
2459 3562 2472 3586 ,

304 3585 549 3657 Uruguay
574 3601 622 3642 et
642 3593 950 3644 Montevideo
1004 3595 1251 3645 Tweedie!
1274 3597 1311 3656 ).
1356 3595 1460 3644 Vix
1491 3611 1523 3643 a
1561 3595 1630 3644 Η.
1662 3594 2047 3658 chamaedryoidi
2083 3594 2264 3644 differt.
2300 3596 2477 3646 Caules

208 3669 223 3678 '
305 3658 599 3708 radicantes.
626 3661 768 3710 Folia
786 3661 953 3725 pleraq
989 3678 1017 3712 e
1037 3664 1119 3710 3-4
1153 3661 1246 3710 lin.
1271 3663 1442 3726 longa.
1475 3660 1748 3711 Peduncnli
1770 3658 1891 3718 8-10
1917 3661 2008 3710 lin.
2047 3662 2215 3711 Flores
2250 3677 2398 3725 quam
2421 3661 2471 3710 in

300 3725 366 3776 Η.
392 3726 778 3791 οὶιιιιιιωᾶηοίᾱὶ
799 3728 948 3792 paulo
970 3728 1205 3778 minores.
1231 3733 1300 3792 (v.
1323 3731 1389 3792 s.)

237 3811 288 3856 s.
319 3810 385 3859 Η.
406 3823 789 3861 aiamim
802 3802 993 3874 (cham.
1017 3811 1286 3861 Schleoht.!
1312 3813 1364 3861 in
1387 3813 1590 3860 Liunaes
1609 3815 1658 3860 2.
1684 3829 1734 3876 p.
1760 3813 1895 3874 375),
1923 3813 2246 3877 procumbens
2265 3811 2341 3859 vel
2362 3826 2474 3874 pro-

304 3883 486 3935 strata,
511 3876 649 3927 foliis
683 3879 1083 3943 ovato-oblongis
1115 3879 1472 3943 paucidentatis
1493 3880 1599 3927 basi
1626 3880 1678 3928 in
1702 3879 1936 3943 petiolum
1959 3879 2152 3927 brevem
2177 3877 2473 3941 angustatis,

303 3942 557 4007 pedioenis
594 3944 828 3994 solitariis
850 3945 970 3995 solio
991 3946 1236 4009 subduplo
1274 3946 1586 4010 longioribus
1620 3947 1908 3994 ebracteatis
1945 3945 2024 3993 vel
2058 3945 2221 3993 rarius
2242 3943 2475 3992 unibrac-

304 4010 476 4070 tentis,
517 4011 702 4074 calycis
734 4020 984 4076 segmento
1019 4012 1258 4062 exteriore
1288 4012 1687 4075 ovato—oblongo.
1723 4009 1792 4074 26
1827 4012 1879 4059 in
1916 4009 2128 4061 Brasilis
2163 4007 2476 4060 meridionali
2509 4043 2517 4050 .

304 4077 536 4138 (Sellowl
568 4077 867 4142 langsdorfl'
877 4078 891 4126 1
922 4083 970 4138 ),
1006 4077 1180 4130 Banda
1214 4079 1423 4128 oriental
1453 4086 1503 4127 et
1523 4079 1784 4127 Tucuman
1807 4075 2088 4140 (Tweediel
2115 4079 2133 4137 )
2156 4110 2170 4135 ,
2209 4075 2261 4123 in
2290 4073 2479 4135 campis

302 4142 519 4212 Parnm!
534 4143 764 4194 Bouario
785 4143 1005 4210 (Galim
1028 4147 1078 4209 )‚‚
1094 4145 1146 4196 in
1174 4161 1311 4214 prov.
1336 4145 1554 4195 Chilensi
1588 4140 2155 4208 Colchagna(Bridges!
2184 4143 2221 4202 ).
2247 4141 2311 4189 Η.
2335 4139 2481 4189 Μοιι-
